2914 4808
639 269 656 331 7

161 454 195 520 N
196 475 237 520 ec
248 475 321 521 mea
336 458 441 520 verba
452 455 548 538 legis,
565 456 620 539 qui
636 476 706 520 sum
721 457 889 520 submotus
908 456 951 518 ad
966 456 1141 520 Histrum

205 578 272 622 nou
294 561 378 624 bene
400 559 528 640 pacatis
550 558 714 622 flumina
735 563 829 640 pota
850 558 954 623 Getis.
1062 599 1063 604 κ

161 659 234 725 Nec
256 661 358 724 minus
380 660 496 724 audaci
518 660 736 745 appositionis
757 680 891 742 genere,
915 680 978 742 quo
997 662 1092 743 regio
1110 681 1205 744 quam
1239 650 1241 653 ⁵

63 764 126 846 qui
152 761 303 827 incolunt
323 782 384 844 pro
406 763 489 844 ipsis
511 763 643 845 ponitur
665 762 782 826 incolis
801 761 889 826 nullo
907 762 973 826 alio
991 763 1066 827 loco
1082 764 1204 829 Beruh.

63 865 231 930 Dinterus
240 863 265 946 ⁴)
289 864 441 928 Ovidium
463 885 555 928 usum
578 884 652 930 esse
676 869 803 946 censet,
833 865 896 928 nisi
920 866 1028 930 inhia
1052 866 1202 930 versibus

66 988 97 1032 e.
125 967 168 1030 Ρ.
192 967 219 1030 Ia
242 966 272 1047 2,
298 965 348 1030 77.
376 965 426 1030 78.

163 1068 234 1134 Nee
257 1075 363 1150 vacat,
386 1069 417 1132 in
443 1088 507 1150 qua
530 1068 596 1131 sint
616 1069 717 1150 positi
740 1070 877 1152 regione
901 1070 1082 1134 Tomitae

207 1191 378 1253 quaerere,
403 1170 540 1234 finitimo
564 1171 620 1234 vix
641 1170 729 1234 loca
751 1178 844 1236 nota
868 1173 972 1237 Getae

162 1273 308 1338 Eundem
323 1273 480 1336 tamenin
495 1293 617 1336 morem
632 1269 796 1357 pergitis
815 1274 1026 1357 sequentibus
1043 1272 1203 1352 versibus,

67 1377 126 1440 ubi
154 1381 387 1441 enumerantur
408 1373 620 1439 Sauromatae
640 1377 786 1459 lazyges

144 1478 296 1560 cultaque
320 1476 479 1542 Oresteae
502 1478 645 1542 Taurica
666 1484 756 1542 terra
780 1480 862 1545 deae

70 1601 227 1665 quaeque
256 1580 341 1644 aliae
368 1584 495 1663 gentes
530 1581 584 1643 ubi
611 1601 638 1645 1.
672 1601 702 1663 q.
738 1603 763 1648 1.
791 1582 1018 1647 Oonferendus
1051 1580 1129 1649 mihi
1160 1582 1205 1645 vi·

74 1684 176 1748 detur
191 1683 242 1746 hic
254 1682 448 1747 insolentior
460 1703 536 1746 usus
552 1702 621 1747 cum
638 1704 677 1748 eo
693 1685 894 1767 scriptorum¹
905 1685 1063 1749 orationis
1076 1701 1205 1767 prosae,

75 1787 134 1868 qui
158 1786 289 1850 casibus
313 1785 455 1866 obliquis
477 1786 641 1848 nominum
663 1787 807 1868 gentium
828 1808 889 1870 pro
911 1787 1028 1851 linibus
1050 1787 1103 1852 rel
1124 1807 1206 1870 agro

76 1888 225 1972 gentium
255 1893 395 1968 utuntur,
428 1894 462 1950 ut
486 1889 538 1969 „in
567 1889 712 1952 Aeduis“
739 1889 823 1953 idem
852 1889 1007 1956 sibiuult
1030 1893 1127 1971 atque
1152 1889 1206 1972 „in

76 1990 209 2072 finibus,
224 2009 306 2071 agro
321 1989 540 2054 Aeduorum.“
565 1989 683 2070 Quare,
697 2011 794 2072 quum
805 1989 999 2054 vocabulum
1013 1992 1203 2072 „Tomitae“

77 2092 160 2156 nihil
183 2090 270 2155 aliud
298 2092 361 2154 nisi
392 2111 508 2174 agrum
533 2092 585 2155 vel
608 2096 721 2157 urbem
748 2093 950 2157 Tomitarum
982 2092 1003 2155 i.
1032 2114 1061 2158 c.
1084 2094 1205 2157 Tomos

79 2193 260 2277 significari
279 2194 485 2258 manifestum
509 2196 561 2275 sit,
585 2195 662 2258 mihi
678 2195 808 2277 quidem
824 2194 881 2259 illa
897 2195 1063 2277 appositio
1079 2213 1145 2272 nou
1160 2196 1207 2259 111

80 2297 189 2360 audax
214 2297 354 2361 videtur.

167 2399 247 2463 Tum
271 2398 427 2462 transitus
451 2419 471 2461 a
493 2397 652 2481 singulari
675 2400 716 2461 ad
739 2399 900 2482 pluralem
922 2417 1089 2462 numerum
1103 2399 1137 2461 in
1153 2418 1205 2462 ea-

81 2502 155 2566 dem
178 2502 342 2566 sententia
363 2501 512 2583 inprimis
535 2501 623 2583 apud
647 2501 798 2565 Ovidium
827 2501 982 2582 frequens
1005 2505 1065 2581 est,
1093 2505 1128 2563 ut
1150 2500 1206 2564 Tr.

81 2604 142 2668 IV.
172 2603 201 2684 6,
229 2601 273 2666 40
305 2608 522 2684 nostroque
556 2622 576 2666 a
603 2621 743 2684 corpora
770 2639 809 2648 -
836 2622 1007 2684 auguror
1038 2603 1076 2666 V.
1109 2601 1136 2682 1,
1163 2599 1205 2664 47

81 2704 209 2770 nostri
234 2705 310 2787 quid
333 2710 488 2788 agaut—
504 2741 547 2750 -
569 2704 667 2768 Tibia
689 2705 843 2768 convenit
864 2704 929 2767 ista
951 2704 1045 2767 meis
1068 2705 1109 2768 V.
1133 2703 1163 2784 2,
1186 2703 1206 2767 3

83 2808 193 2872 valeo
217 2826 401 2894 corpusque
419 2824 466 2852 ·-
489 2843 529 2851 -
554 2807 707 2888 11111-
733 2841 773 2852 -
798 2806 911 2869 nobis
935 2807 976 2870 V.
1001 2805 1030 2887 2,
1055 2804 1094 2869 77
1119 2805 1206 2887 quod

84 2907 290 2994 petimus⁵),
318 2947 359 2956 -
383 2947 425 2955 —
447 2927 552 2990 neque
579 2929 724 2973 recuso
755 2911 796 2974 V.
821 2907 871 2989 12,
894 2907 936 2972 33
958 2908 1072 2996 nobis
1103 2912 1208 2988 111111

84 3012 205 3076 tabella
228 3017 280 3076 est
301 3011 403 3093 Inque
426 3030 502 3076 suos
525 3010 635 3075 volui
658 3023 778 3094 cogere
794 3012 897 3073 verba
911 3009 1014 3092 pedes
1034 3009 1082 3090 13,
1102 3009 1151 3089 17.
1168 3009 1207 3072 18

84 3120 216 3179 nostra
239 3112 374 3196 querela
393 3149 433 3158 ——
452 3112 521 3177 'non
546 3113 732 3176 meminisse
756 3112 830 3176 mei
855 3148 897 3156 -
915 3147 952 3156 -—
977 3115 1011 3174 at
1033 3111 1164 3194 passim.

325 3347 351 3434 Ξ.
376 3348 405 3412 2.
429 3349 480 3411 lle
503 3367 657 3414 casuum
680 3348 855 3432 peculiari
878 3366 962 3412 usu.

458 3451 484 3514 1.
507 3450 562 3515 De
586 3453 830 3516 accusativo.

142 3553 268 3632 'Quum
290 3554 471 3618 accusativi
493 3553 544 3617 vis
567 3572 606 3617 11
621 3552 706 3617 ratio
727 3554 779 3634 111,
803 3558 839 3616 ut
852 3552 970 3616 relatio
987 3551 1148 3633 quaedam
1165 3547 1208 3611 ad

87 3657 204 3740 aliquid
226 3654 325 3739 11111),
349 3655 542 3739 saepissime
560 3656 749 3720 accusativo
765 3654 1001 3737 praedicatum,
1026 3651 1111 3734 quod
1130 3649 1207 3713 dici·

91 3777 288 3790 m—

168 3824 179 3863 ⁴
215 3825 334 3910 Progr.
359 3825 490 3890 Grimm.
514 3826 539 3889 l.
562 3846 595 3909 p.
619 3823 671 3890 33.

168 3913 179 3950 ⁶
214 3912 404 3976 Laelionam
418 3911 573 3976 Merkelii
588 3912 711 3994 recepi,
736 3910 790 3991 qui
806 3910 859 3973 ad.
879 3910 909 3972 h.
932 3909 953 3972 l.
977 3907 1128 3971 adnotat:
1153 3926 1208 3988 pe·

88 3999 161 4062 titur
182 3997 245 4060 duo
272 3996 473 4082 (manuscr),
501 4016 567 4060 non
591 4001 682 4061 recte
708 3998 749 4059 ab
771 3995 910 4059 Heinsio
933 3992 1075 4077 probati.
1119 3992 1208 4058 Vide

90 4083 227 4167 ejusdem
250 4088 360 4152 annot.
385 4083 427 4146 ad
448 4105 478 4147 v.
503 4082 562 4145 HI.
586 4086 615 4162 3,
640 4079 668 4144 7.
698 4079 980 4161 Frequentissima
1002 4077 1128 4141 numeri
1143 4076 1208 4140 ista
1289 4135 1294 4148 .

88 4167 298 4248 inaequalitas
327 4173 378 4232 est
405 4168 492 4250 apud
518 4172 645 4250 poetas,
675 4167 847 4230 notissima
875 4165 973 4229 etiarn
997 4162 1208 4226 librariorum

89 4255 147 4318 ista
166 4252 348 4334 vulgarium
373 4253 568 4316 sectantium
590 4251 704 4316 libido.

168 4335 192 4422 ‘)
215 4336 305 4403 Rois.
335 4336 361 4424 Ξ.
385 4338 457 4404 380.
