2914 4808
746 227 789 290 24

288 418 495 501 postquam
517 434 546 482 e.
569 415 608 480 P.
630 414 677 480 lll.
699 413 731 499 2,
752 413 796 480 97
813 415 925 479 fabula
938 420 1074 480 narrata
1094 421 1145 482 est
1158 423 1340 502 postquam

202 518 350 604 vulgaris
374 519 415 582 ab
438 515 550 603 illo.³²)

288 624 371 688 Tum
394 641 495 706 saepe
520 619 703 706 particulae
738 641 821 703 „que
845 640 887 685 ne
914 621 976 687 ve“
1011 640 1077 687 nou
1107 623 1138 686 ei
1171 623 1342 687 vocabulo

203 725 396 808 adhaerent,
427 725 515 806 quud
537 722 763 807 superioribus
784 724 971 789 addendum
994 731 1057 807 est5
1081 731 1116 789 ut
1139 745 1167 789 6.
1182 724 1221 788 Ρ.
1244 723 1279 786 ll.
1303 723 1339 804 2,
1448 739 1449 824 j

206 826 266 890 113
279 828 339 892 sed
350 827 500 910 placidus
514 826 686 908 facilisque
700 846 821 910 parens
838 828 1021 910 veniaeque
1037 833 1172 911 paratus
1187 863 1228 872 -
1239 863 1283 872 --
1293 863 1342 873 -

203 951 265 1015 pro
288 949 339 1012 60,
365 929 453 1012 quod
476 929 542 994 dici
565 929 711 994 debebat
733 936 954 1012 „paratusque
979 931 1128 996 veniae.“
1159 928 1216 994 lv.
1238 927 1268 1008 3,
1292 927 1341 990 42

203 1038 409 1117 praetextam
436 1031 546 1098 fasces
570 1031 786 1115 adjiciamque
808 1038 883 1098 tuos
902 1065 945 1080 -·-
959 1069 1002 1112 ·.··
1016 1051 1138 1115 -pro
1163 1036 1339 1115 „praetex-

113 1175 114 1181 1
203 1139 270 1200 tam
292 1136 466 1216 fascesque
486 1135 672 1221 adjiciam.“

290 1238 419 1303 Deinde
443 1237 606 1321 particula
627 1239 735 1322 „que“
763 1238 850 1320 quod
875 1237 1018 1302 orationi
1047 1256 1168 1321 prosae
1203 1237 1339 1301 omuino

204 1360 269 1404 non
299 1339 392 1420 licet,
426 1342 468 1404 ab
492 1333 611 1405 Ouidio
638 1341 673 1404 in
705 1341 918 1422 carminibus,
948 1358 1032 1422 quae
1059 1346 1251 1420 tractamus,
1283 1341 1339 1403 bis

203 1441 444 1526 praepositioni
463 1445 525 1526 ,‚a“
548 1443 682 1528 adjecta
703 1449 768 1508 est:
794 1465 822 1508 e.
839 1443 876 1508 P.
893 1443 914 1508 1.
930 1439 960 1524 8,
982 1437 1024 1507 33
1047 1463 1130 1524 aque
1152 1443 1248 1507 domo
1270 1442 1291 1507 l.
1306 1443 1338 1522 9,

204 1537 246 1609 48
269 1563 353 1627 uque
374 1546 451 1610 tuis.

291 1648 386 1726 Quod
408 1648 451 1712 ad
476 1647 728 1714 collocationem
754 1651 980 1733 pronominum
1003 1649 1160 1734 pertinet,
1185 1646 1339 1713 Ovidium

203 1749 431 1816 lubentissime
448 1750 531 1817 haec
546 1751 626 1818 duas
641 1753 764 1836 primas
783 1752 927 1836 syllabas
942 1749 1113 1837 penultimi
1129 1752 1224 1836 pedis
1239 1749 1339 1815 hexa—

205 1856 301 1919 metri
326 1860 382 1918 aut
403 1854 603 1938 pentametri
620 1855 769 1920 tenentia
797 1855 934 1938 fecisse,
964 1858 1006 1937 si,
1030 1861 1066 1919 111
1086 1851 1340 1920 innumerabilia
1448 1941 1449 1946 ἵ

206 1958 357 2042 exempla
379 1958 538 2039 omittam,
562 1969 744 2040 pronomen
766 1960 838 2043 1066
862 1959 1020 2037 attulero,
1047 1957 1274 2042 intellegebam
1305 1962 1339 2021 et
1448 1953 1449 2026 Ϊ

206 2059 338 2143 quidem
372 2074 413 2124 ex
436 2060 594 2125 Tristium
619 2060 713 2126 libris
737 2062 889 2147 exempla
916 2083 1051 2147 ponam:
1086 2061 1107 2126 1.
1131 2061 1166 2143 2,
1199 2059 1242 2124 32
1263 2059 1340 2142 ipsa
1448 2089 1449 2092 ¹

205 2163 301 2228 malis
327 2161 368 2228 68
395 2156 639 2247 1066161613,
671 2164 712 2228 12
740 2166 916 2249 10666166
944 2164 1002 2246 13,
1037 2165 1110 2247 ipse
1133 2164 1276 2227 removit
1300 2162 1339 2225 ll
1448 2169 1449 2192 ³

206 2267 279 2350 ipsa
301 2266 438 2330 tenebat
460 2265 502 2332 55
524 2263 596 2351 ipse
623 2267 730 2332 fefelli
752 2268 788 2346 5,
818 2264 953 2354 141066
979 2267 1026 2331 fui
1053 2266 1088 2348 8,
1120 2265 1257 2348 321066
1281 2268 1339 2328 tua
1448 2267 1449 2340 J

209 2369 258 2452 11,
284 2363 322 2433 11
345 2370 418 2453 1066
439 2371 594 2435 trementi
615 2369 649 2434 11.
673 2370 785 2455 21066
806 2391 878 2437 meo
904 2369 965 2436 134
987 2372 1060 2455 ipse
1083 2375 1156 2434 tuas
1179 2367 1242 2432 368
1265 2367 1338 2451 1066

205 2478 279 2538 tuas
302 2469 683 2556 43010666101111111,
707 2473 840 2558 141066
863 2475 974 2557 fugam
997 2471 1027 2556 3,
1050 2472 1197 2555 881066.
1234 2470 1339 2536 Vale!
1448 2467 1449 2470 ’

205 2574 241 2657 4,
274 2574 409 2658 131066
434 2574 569 2640 fuissem
590 2573 627 2658 3,
657 2575 677 2640 8
698 2577 774 2660 ipsa
801 2577 898 2641 modo
919 2576 975 2640 111.
998 2579 1032 2658 4,
1063 2575 1176 2657 81066
1198 2573 1262 2638 tuis
1291 2573 1337 2654 10,
1448 2607 1449 2614 1

207 2675 250 2742 54
270 2677 342 2760 1066
366 2677 412 2741 fui
438 2676 491 2760 10,
515 2677 653 2762 621066
677 2679 755 2744 dedi
776 2681 818 2744 V.
844 2680 871 2761 1,
897 2677 1174 2761 10106611612,
1201 2675 1338 2759 581066
1448 2685 1449 2762 l

208 2881 228 2946 2
251 2883 324 2967 1066
347 2887 460 2966 001661
484 2881 535 2963 14,
558 2882 579 2948 2
601 2883 676 2967 ipsa
697 2883 801 2948 vides.

294 2983 389 3050 Nunc
412 2984 543 3068 singula
565 2987 726 3052 vocabula
749 2987 1035 3052 commemoranda
1057 2992 1141 3068 sunt,
1165 3005 1251 3068 quae
1272 3003 1338 3050 non

208 3088 242 3151 in
265 3088 332 3152 6016
354 3087 438 3153 10016
454 3087 618 3154 collocata
633 3108 707 3154 esse
724 3110 766 3154 ex
780 3095 936 3154 contextu
957 3090 1117 3154 orationis
1131 3089 1339 3153 manifestum

210 3195 276 3255 est:
312 3189 360 3254 sic
383 3191 562 3273 negatione
585 3197 662 3275 post
684 3193 820 3256 verbum
844 3191 898 3257 vel
919 3198 996 3276 post
1023 3191 1112 3256 aliud
1135 3190 1338 3270 vocabulum,

209 3296 285 3357 ante
309 3291 397 3373 quod
419 3293 574 3375 ponenda
596 3300 678 3370 erat,
701 3294 838 3360 Ovidius
860 3315 1035 3379 perperam
1051 3315 1129 3359 usus
1153 3313 1227 3358 esse
1250 3293 1337 3356 vide-

208 3402 271 3477 tur,
295 3395 435 3459 maxime
458 3390 492 3457 iu
518 3399 737 3479 pentametro,
760 3403 796 3460 ut
818 3397 949 3463 e.P.11.
975 3399 1023 3479 10,
1048 3397 1067 3462 8
1090 3395 1252 3460 exciderit
1270 3401 1337 3458 tau-

107 2787 109 2790 ’
207 2780 256 2843 tui
279 2778 313 2861 7,
337 2779 473 2865 651066
495 2781 618 2845 reduco
641 2781 675 2862 8,
703 2780 726 2845 4
749 2783 822 2865 ipse
845 2781 916 2864 pati
940 2780 996 2864 12,
1023 2777 1065 2845 48
1088 2780 1160 2864 1066
1183 2779 1263 2843 meis
1289 2774 1338 2858 13,
1448 2789 1449 2802 ’

209 3505 277 3562 tum
299 3518 341 3562 ne
363 3491 425 3560 tibi
448 3516 528 3560 cura
550 3498 614 3562 mei
638 3498 684 3562 111.
711 3500 741 3582 1,
772 3497 1006 3583 15561601601
1033 3500 1096 3563 hoc
1127 3499 1245 3564 damno
1268 3498 1337 3562 fore
1448 3517 1449 3520 ’

210 3621 276 3665 non
298 3600 360 3664 tibi
373 3599 419 3665 111.
435 3598 470 3682 2,
493 3599 536 3663 46
550 3601 606 3683 qui
628 3601 738 3684 getica
752 3601 852 3686 longe
868 3622 932 3666 nou
955 3603 1003 3666 ita
1016 3603 1119 3686 distat
1131 3599 1228 3664 humo
1242 3599 1296 3665 lV.
1311 3598 1337 3679 1,

213 3703 252 3768 18
275 3694 396 3768 oblitas
419 3708 537 3786 potero
560 3724 627 3769 non
650 3708 759 3768 tamen
783 3725 856 3770 csse
878 3705 935 3769 101.
972 3704 1025 3768 lV.
1053 3705 1106 3786 10,
1131 3697 1173 3768 50
1195 3708 1229 3766 61
1250 3701 1336 3766 nullo

208 3804 337 3871 tardior
358 3824 453 3870 amne
474 3826 596 3889 -pro
617 3826 704 3888 „nou
728 3808 856 3872 tardior
879 3807 968 3872 ullo“
990 3805 1012 3873 l.
1035 3807 1065 3890 3,
1089 3804 1130 3872 66
1151 3824 1260 3888 paene
1284 3799 1336 3867 mi·
1365 3815 1367 3820 ·
1448 3811 1449 3884 j

211 3926 271 3972 nus
292 3907 381 3972 nullo
405 3905 544 3992 Smyrna
561 3907 708 3994 petenda
729 3909 815 3974 loco.

300 4141 340 4233 ⁸²)
365 4148 406 4214 de
428 4147 693 4232 conjunctionum
713 4148 909 4233 trajectione
924 4147 999 4214 vide
1014 4149 1053 4212 A.
1069 4139 1256 4214 Γ1115011610
1280 4145 1336 4210 Ob·
1448 4191 1449 4200 ,

214 4235 421 4301 narrationes
463 4235 504 4300 de
539 4234 802 4319 conjunctionum
839 4229 928 4320 apud
962 4241 1079 4319 poetas
1114 4229 1235 4300 latinos
1271 4251 1336 4296 usu.
1448 4287 1449 4320 3

212 4321 353 4388 Disseut.
375 4320 504 4404 Regim.
