2914 4808
753 239 798 302 20

218 427 309 512 equs
331 426 381 492 ru
403 425 796 510 wowriffiusrroerm.
813 423 914 490 erim
929 433 1066 509 usquam
1079 433 1116 492 a
1131 425 1348 512 tristesque·
1454 401 1455 446 ³

217 529 303 594 risse
319 529 502 613 exemplum
525 526 680 612 negat.²⁹)
785 608 795 619 ι
877 525 878 532 ’
1332 525 1335 530 ·

303 629 396 695 Nunc
419 651 515 713 quum
532 631 573 696 dc
594 630 772 714 negatione
792 648 925 711 quaero,
949 629 1027 712 quid
1042 631 1161 695 Ovidio
1176 629 1351 713 peculiare

218 732 316 797 sitin
338 732 570 817 conjungenda
590 731 769 815 negatione
792 748 864 794 cum
886 731 959 794 aliis
982 731 1162 813 particulis,
1186 731 1239 795 hic
1252 729 1351 794 locus
1454 799 1455 804 ,

218 834 314 898 detur
341 836 456 918 paucis
486 833 684 918 exponendi,
709 852 804 914 quem
827 848 918 896 usum
941 833 1137 915 negationis,
1161 851 1245 914 quae
1269 851 1348 896 con·
1454 909 1455 922 χ

217 936 375 1017 junctioni
400 937 469 1018 „si“
496 941 719 1015 connectatur,
743 933 881 998 Ovidius
904 941 1075 1016 sequatur:
1101 935 1136 998 in
1153 953 1221 1016 ‘qqo
1243 940 1351 1017 poeta

216 1043 341 1100 tantum
363 1040 468 1119 abest,
491 1043 528 1101 ut
554 1055 737 1101 sermonem
761 1034 929 1118 vulgarem
956 1037 1125 1118 observet,
1153 1041 1190 1099 ut
1215 1035 1279 1099 etsi
1301 1036 1346 1100 ad
1454 1059 1455 1128 3

216 1143 319 1202 totam
336 1139 598 1202 enunciationem
612 1138 746 1220 negatio
765 1137 942 1200 referenda
956 1144 1017 1218 est,
1041 1138 1091 1220 „si
1106 1139 1192 1202 non“
1215 1157 1276 1220 pro
1292 1157 1346 1218 eo,

219 1240 307 1322 quod
329 1240 415 1304 solet
436 1241 511 1321 dici,
548 1239 652 1322 „nie'i“
687 1244 809 1302 utatur:
844 1255 872 1303 e.
890 1239 928 1302 P.
951 1239 978 1304 1.
1001 1237 1031 1320 7,
1054 1238 1097 1303 70
1119 1239 1147 1304 si
1168 1257 1233 1302 non
1255 1229 1346 1304 ferre
1454 1287 1455 1312 1

219 1341 312 1407 doles
334 1343 378 1408 ll.
404 1343 432 1422 l,
460 1341 503 1407 65
533 1341 671 1404 inbuero
702 1338 872 1423 Scythicas
901 1341 930 1405 si
949 1361 1015 1406 non
1043 1340 1181 1424 sagittas
1204 1341 1248 1406 Il.
1272 1338 1302 1422 6,
1325 1341 1349 1403 4

219 1449 254 1508 et
275 1445 303 1507 si
325 1454 391 1509 n'on
412 1443 513 1508 liceat
536 1443 585 1524 10,
608 1442 628 1506 3
652 1443 797 1507 auctoris
820 1443 870 1506 sui
892 1443 920 1508 si
941 1463 1006 1507 non
1033 1447 1085 1508 cst
1107 1442 1222 1508 anulus
1245 1443 1348 1507 index
1454 1451 1455 1472 ³

217 1545 279 1609 ΙΙΙ.
302 1545 331 1628 2,
358 1546 418 1612 408
439 1546 467 1610 si
490 1550 527 1608 tu
547 1565 614 1610 non
637 1563 729 1608 esses
753 1545 808 1609 Tr.
832 1545 857 1608 Ι.
880 1545 910 1626 5,
934 1545 978 1610 20
998 1546 1026 1609 si
1048 1565 1112 1610 non
1134 1545 1281 1610 infernas
1303 1581 1347 1591 -—
1454 1591 1455 1644 f

218 1647 343 1712 adisset
361 1666 465 1729 aquas
484 1647 514 1728 5,
538 1647 580 1710 23
602 1647 631 1710 si
652 1665 719 1709 non
742 1646 926 1728 cecidisset,
1046 1647 1081 1710 id
1104 1647 1191 1730 quod
1215 1647 1255 1710 de
1273 1665 1347 1710 ceu·
1454 1657 1455 1668 ¹

219 1747 265 1812 sis
286 1749 432 1814 metricis
457 1743 646 1833 plerunque
669 1747 790 1812 factum
810 1767 885 1812 esse
907 1748 1066 1832 perfacile
1088 1749 1302 1832 intellegitur.

264 1983 304 2053 '3.
338 1983 393 2052 De
427 1989 640 2073 particulis
673 1987 917 2072 copulativis
951 1994 989 2053 et
1021 1987 1286 2072 disjunctivis.

224 2133 229 2206 j
305 2123 447 2202 Quarum
474 2145 516 2189 ex
539 2145 674 2190 numero
700 2126 878 2210 praecipue
910 2125 1030 2188 iterata
1054 2124 1215 2216 particula
1239 2126 1347 2210 „que“
1454 2169 1455 2220 ,

217 2228 502 2292 commemoranda
524 2233 584 2309 est,
607 2228 661 2310 qui
676 2247 753 2292 usus
768 2248 864 2310 quum
885 2227 938 2292 vel
957 2247 977 2292 a
997 2227 1213 2311 scriptoribus
1228 2247 1346 2311 argen-
1454 2291 1455 2312 ,

216 2336 292 2393 teae
317 2329 436 2395 aetatis
459 2349 536 2394 raro
560 2321 735 2412 usurpatus
759 2331 910 2395 videatur
936 2335 970 2392 et
996 2330 1126 2411 quidem
1155 2335 1281 2394 tantum
1302 2331 1346 2394 ad

218 2431 449 2513 conjungenda
469 2433 663 2515 pronomina
684 2431 836 2512 relativa,
861 2432 968 2515 poetis
985 2432 1062 2515 jure
1086 2431 1263 2516 peculiaris
1287 2453 1345 2515 pu·
1454 2459 1455 2464 ¹

203 2532 362 2616 .tatur⁸⁰);
386 2534 478 2616 cujus
500 2534 551 2597 rei
572 2534 734 2616 permulta
756 2532 907 2617 exempla
926 2535 960 2597 in
982 2533 1189 2614 carminibus,
1214 2534 1256 2597 de
1277 2535 1345 2615 qui·
1454 2529 1455 2534 ’

216 2635 277 2701 bus
301 2635 478 2716 quaeritur,
500 2635 719 2718 reperiuntur,
741 2655 825 2717 quae
839 2634 960 2699 iterata
974 2636 1137 2718 particula
1159 2637 1265 2717 „que“
1289 2640 1346 2700 aut

162 2761 165 2764 ·
217 2736 356 2800 maxime
390 2735 573 2801 contrarias
607 2745 663 2801 aut
695 2736 872 2802 simillimas
899 2756 954 2801 res
982 2737 1037 2802 vel
1058 2757 1220 2821 personas
1248 2758 1344 2821 quam

217 2837 399 2902 arctissime
422 2838 578 2922 conjungi
604 2838 859 2904 luculentissime
886 2839 1122 2923 demonstrant,
1148 2847 1184 2904 ut
1205 2861 1233 2906 e.
1254 2841 1293 2910 P.
1315 2842 1343 2906 I.
1454 2895 1455 2916 ,

215 2937 246 3018 4,
269 2939 311 3004 25
334 2938 504 3021 leviorque
531 2940 702 3021 minorque
725 2939 754 3022 7,
777 2939 819 3004 28
846 2959 1009 3024 causaque
1037 2941 1157 3025 faxque
1179 2943 1223 3008 Π.
1247 2942 1276 3023 2,
1301 2942 1343 3006 92

215 3046 371 3121 terraque
387 3078 428 3087 —
443 3042 593 3124 undaque
616 3043 646 3124 3,
673 3043 713 3107 10
735 3049 864 3124 statque
887 3043 1040 3124 caditque
1061 3043 1092 3124 5,
1117 3042 1158 3107 29
1181 3045 1343 3128 gravitas·
1454 3061 1455 3066 ’

217 3161 278 3222 que
301 3141 453 3226 nitorque
478 3142 507 3227 7,
530 3143 569 3206 71
593 3163 777 3228 corpusque
801 3145 990 3226 animusque
1013 3143 1043 3227 9,
1066 3142 1109 3210 35
1129 3146 1342 3228 hominesque
1454 3163 1455 3228 ,

217 3243 364 3324 deosque
385 3244 446 3310 III.
471 3245 499 3326 1,
524 3245 587 3310 160
607 3245 807 3327 horaque—
824 3245 1067 3329 auspiciumque
1089 3246 1114 3310 I.
1136 3241 1203 3312 Ι164
1223 3268 1342 3332 proge-

216 3346 367 3426 niemque
395 3346 483 3430 piam
508 3347 768 3430 participemque
796 3348 862 3411 tori
883 3348 942 3412 IV.
967 3347 1069 3430 zet.
1092 3347 1342 3431 aerariumque
1454 3349 1455 3414 ξ

215 3445 387 3529 locumque
411 3446 563 3529 Saxaque
585 3447 615 3528 9,
636 3446 678 3512 69
693 3447 878 3530 Flaccoque
892 3448 1018 3529 tibique
1041 3448 1071 3531 9,
1097 3449 1157 3513 107
1180 3456 1344 3533 natusque

216 3549 289 3633 pius
310 3549 493 3630 conjuxque
509 3549 666 3615 sacerdos
691 3550 740 3632 15,
762 3549 814 3614 41.
837 3549 879 3612 42
896 3556 995 3632 teque
1010 3571 1126 3633 meque
1142 3553 1199 3617 Tr.
1213 3553 1239 3616 I.
1254 3551 1285 3634 3,
1299 3552 1340 3616 27

216 3638 442 3732 hominumque
469 3670 650 3732 canumque
681 3652 712 3733 5,
736 3651 777 3716 63
811 3651 972 3733 fidamque
1006 3673 1134 3717 manum
1167 3655 1340 3735 sociosque
1454 3727 1455 3750 ¹

215 3749 260 3816 ΙΙ.
291 3751 333 3816 23
366 3753 616 3837 genitorque-
633 3759 807 3835 rectorque
834 3753 875 3817 23
897 3760 1084 3838 matresque
1112 3775 1276 3837 nurusque
1299 3756 1340 3821 89
1454 3759 1455 3800 ³

217 3851 380 3936 vitamque
400 3891 441 3902 --
462 3875 635 3940 moresque
670 3855 901 3938 lustrantque
928 3863 1116 3940 negantque
1147 3857 1211 3921 562
1242 3863 1347 3947 teque,
1454 3863 1455 3930 3

215 3959 355 4037 tuosque
380 3957 431 4020 III
452 3957 482 4040 2,
506 3957 523 4021 7
551 3956 738 4042 pelagoque
763 3964 919 4041 terraque
942 3959 1002 4024 HI.
1027 3959 1058 4042 3,
1083 3959 1123 4024 13
1144 3959 1339 4043 populisque

216 4111 421 4124 ⁸——

303 4210 345 4294 29)
363 4213 484 4297 Progr.
507 4212 639 4278 Grimm.
669 4214 749 4280 1858
771 4234 804 4298 p.
828 4215 857 4279 9·

304 4297 343 4386 ⁸⁰)
366 4298 425 4364 cfr.
447 4297 535 4365 Reis.
560 4297 586 4388 Ξ.
610 4297 683 4366 237.
729 4300 841 4367 Madv.
865 4298 891 4390 Ξ.
914 4297 988 4366 454.
