2914 4808
780 249 819 314 10

233 437 314 503 tioni
337 433 411 518 „in“
435 433 489 499 vel
512 433 595 516 „ad“
614 433 797 517 Junguntur
818 435 997 517 etquidem
1019 434 1165 498 dativum
1178 440 1299 518 poetae
1317 435 1360 498 ab

233 538 383 605 obsoleta
406 535 642 601 consuetudine
665 536 844 621 sumpsisse
867 537 1034 619 videntur,
1063 538 1110 602 sie
1125 541 1161 600 ut
1177 535 1361 619 exemplum
1437 517 1438 540 ¹

234 661 275 707 ex
288 639 497 719 carminibus,
513 658 596 720 quae
609 643 726 720 tracto,
742 639 887 720 afferam,
903 639 1145 724 comparativus
1162 639 1360 721 „proprior“

232 743 266 806 in
288 763 317 808 e.
340 741 379 806 P.
400 740 426 804 I.
442 740 482 822 2,
509 739 569 803 128

459 847 496 905 ut
517 841 673 924 proprior
695 842 824 924 patriae
849 843 892 906 sit
914 843 994 927 fuga
1016 849 1132 908 nostra

231 951 309 1033 post
324 965 360 1012 se
375 943 520 1009 dativum
533 943 685 1026 admittit,
707 963 900 1028 quamquem
920 946 953 1009 in
976 965 1076 1029 prose
1096 943 1246 1010 oratione
1266 962 1360 1008 nocu-

234 1049 374 1116 aativum
393 1044 535 1130 regiam)

317 1151 400 1216 Tum
414 1149 570 1232 specialis
587 1148 796 1232 significatio,
816 1169 898 1231 quae
914 1149 1027 1214 axilla
1041 1147 1189 1232 generali
1204 1149 1361 1229 exoritur,
1439 1199 1440 1232 ,

232 1260 285 1322 cat
305 1252 410 1318 dativi
432 1250 592 1316 commodi
615 1252 669 1317 vel
690 1251 896 1334 incommodi,
922 1257 958 1314 ut
980 1269 1009 1316 e.
1030 1250 1058 1314 P
1081 1251 1108 1316 Ι.
1134 1249 1162 1331 1,
1182 1248 1224 1314 48
1251 1250 1361 1316 locum
1439 1247 1440 1256 ’

233 1357 309 1422 date
331 1355 453 1420 ferenti
475 1374 541 1418 non
563 1354 667 1436 mihi,
699 1355 757 1418 sed
780 1374 918 1438 magno
941 1353 1088 1437 poscitur
1113 1352 1170 1418 ille
1198 1351 1270 1416 deo
1298 1353 1360 1418 111.

234 1461 262 1542 l,
285 1459 337 1524 29.
359 1458 403 1523 30
424 1477 490 1522 non
508 1457 607 1540 igitur
625 1458 741 1521 mirum
754 1455 915 1521 -altera
930 1457 958 1521 si
974 1456 1087 1522 nobis
1102 1475 1204 1539 usque
1221 1462 1361 1539 rogatur

231 1563 354 1628 humus.
398 1559 458 1626 IV.
481 1559 511 1641 9,
533 1559 575 1624 38
602 1579 750 1643 quaeque
778 1558 867 1623 mihi
889 1559 1074 1643 capitur-
1088 1559 1242 1642 voluptas
1266 1558 1360 1622 Tunc
1440 1559 1441 1612 1

232 1665 335 1732 oculis
350 1663 449 1728 etiam
463 1659 680 1752 percipienda
694 1663 790 1727 foret.
813 1660 928 1744 Neque
943 1667 1052 1726 tamen
1065 1660 1236 1742 Haasio¹¹)
1251 1681 1361 1727 assen-

230 1768 306 1848 tiar,
330 1785 427 1848 quum
449 1764 590 1845 dativus,
612 1765 667 1847 qui
688 1765 800 1829 verbis
824 1764 967 1847 passivis
990 1769 1255 1845 connectunetur,
1276 1764 1361 1830 tales

230 1868 472 1950 intellegendos
496 1885 570 1931 esse
597 1866 690 1948 dicit,
718 1868 814 1930 immo
837 1867 993 1930 accedam
1015 1867 1057 1930 ad
1081 1867 1278 1931 sententiam
1293 1866 1361 1930 Ma·

232 1971 345 2054 dvigii,
370 1968 424 2052 qui
452 1969 597 2034 dativum
621 1969 786 2034 interdum
814 1988 875 2051 pro
901 1970 1149 2052 praepositione
1178 1986 1248 2038 ac.
1271 1969 1360 2034 abla-

229 2073 298 2140 tivo
320 2090 496 2156 personae,
522 2057 542 2134 a
564 2091 628 2153 qua
647 2071 726 2155 quid
747 2072 867 2154 agitur,
889 2072 1030 2153 positum
1046 2093 1121 2138 esse
1140 2069 1290 2156 putet¹²);
1315 2072 1362 2136 ita

231 2195 311 2243 suno
333 2180 370 2238 nt
391 2175 426 2238 in
448 2193 549 2257 prosa
571 2174 719 2238 oratione
743 2173 945 2238 commodum
964 2174 1017 2239 vel
1035 2175 1274 2240 incommodum
1289 2175 1362 2241 fieri

231 2277 426 2358 declaretur,
453 2276 513 2342 sed
535 2275 623 2358 apud
646 2281 764 2358 poetas
786 2276 847 2340 hec
871 2275 1111 2359 significatione
1128 2277 1283 2361 neglecte
1298 2298 1359 2361 pro
1383 2309 1385 2316 v

230 2399 346 2466 praep.
373 2379 437 2461 „a“
465 2383 654 2461 usurpetur;
689 2378 781 2461 cujus
803 2379 852 2444 rei
874 2379 955 2444 haec
979 2379 1119 2461 plurima
1141 2380 1293 2464 exempla
1314 2381 1359 2444 in-

231 2482 322 2548 veni:
355 2502 384 2546 e.
409 2481 446 2545 P.
473 2481 500 2545 I.
527 2480 558 2561 2,
587 2481 648 2544 119
674 2499 740 2544 ιιοιι
767 2481 827 2544 tibi
850 2517 888 2526 -
910 2482 1092 2564 rogabitur.
1137 2481 1167 2564 5,
1193 2482 1238 2546 44
1264 2484 1360 2548 nobis

229 2585 369 2650 habetur
390 2583 434 2647 II.
457 2581 487 2664 2,
509 2580 552 2646 34
574 2588 611 2646 ut
631 2583 769 2648 timeare
792 2583 868 2646 mihi
892 2583 953 2648 III.
976 2581 1007 2664 4,
1030 2583 1072 2647 92
1086 2584 1214 2666 pecatis
1229 2584 1361 2650 flumina

229 2691 311 2770 pota
332 2685 425 2750 Getis
450 2684 479 2767 7,
504 2684 544 2747 14
566 2685 627 2748 tibi
650 2685 767 2748 sentiri
788 2684 918 2748 sarcina
941 2684 1030 2749 nulle
1052 2691 1164 2768 potest
1185 2686 1215 2768 9,
1238 2685 1281 2751 39
1304 2686 1361 2750 vix

232 2787 348 2854 audior
369 2785 427 2850 ulli
449 2787 504 2851 lv.
526 2787 556 2867 2,
578 2784 620 2848 47
645 2786 696 2851 cui
717 2786 839 2850 bibitur
857 2787 983 2850 Aonius
1006 2787 1081 2852 fons
1101 2786 1132 2868 4,
1157 2787 1200 2853 20
1221 2788 1357 2872 templa·

232 2908 348 2973 que-
360 2887 422 2953 tibi
435 2924 475 2936 -
488 2889 572 2953 adiri
594 2885 625 2968 b,
649 2888 669 2952 9
692 2888 806 2952 domus
820 2888 915 2952 uobis
931 2894 1062 2971 petetur
1084 2889 1115 2971 6,
1136 2889 1178 2954 37
1199 2910 1283 2972 quae
1297 2890 1359 2955 tibi

229 2992 383 3057 limentur
408 2990 458 3074 12,
480 2989 522 3054 22
543 2990 719 3072 non·mihi‚.
738 3009 834 3072 quam
848 2990 944 3054 fratri
960 2996 1078 3055 amate.
1123 2993 1180 3057 Tr.
1204 2993 1227 3057 1.
1251 2992 1358 3073 1,.127

230 3094 325 3160 nobis
340 3093 541 3158 habitabitur
555 3093 645 3158 orbis
664 3093 694 3172 5,
718 3091 759 3156 29
779 3110 840 3156 nee
854 3093 1001 3158 noscitur
1016 3092 1074 3157 ulli
1096 3094 1127 3175 6,
1153 3094 1181 3159 1.
1205 3094 1225 3158 2
1247 3093 1358 3160 Olario

228 3195 320 3280 Lyde
344 3195 466 3261 dilecta
487 3203 607 3279 poetae
623 3231 662 3241 —
679 3193 749 3259 Coo
763 3193 871 3258 Battis
895 3198 1003 3258 amata
1022 3214 1080 3260 suo
1096 3199 1147 3258 est
1160 3195 1204 3263 ΙΙ.
1222 3196 1284 3262 193
1297 3198 1359 3262 tibi

228 3298 296 3365 sint
316 3298 422 3380 fugati
444 3296 507 3362 327
530 3298 607 3361 mihi
620 3333 663 3344 -
677 3300 788 3361 aratur
810 3295 875 3362 370
896 3298 1008 3380 pneris
1028 3298 1276 3381 virginibusque
1290 3299 1358 3384 legi

228 3398 291 3466 376
314 3399 422 3465 multis
445 3418 511 3464 una
536 3399 641 3483 petita
662 3399 772 3482 procis
793 3397 856 3462 427
878 3397 1007 3464 lascivo
1023 3405 1156 3464 cantate
1170 3405 1222 3466 est
1237 3437 1280 3446 —
1297 3399 1356 3466 Oa-

227 3501 308 3566 tullo
331 3503 372 3566 V.
398 3503 427 3584 1,
451 3500 492 3567 75
512 3502 590 3566 mihi
609 3507 760 3586 captatur
779 3501 888 3584 gloria
910 3501 941 3584 2,
965 3500 985 3566 2
1007 3501 1123 3566 tibi—
1138 3502 1277 3568 solvitur
1292 3503 1322 3584 5,
1339 3503 1356 3566 7

228 3592 306 3670 mihi
328 3605 464 3669 sumitur
489 3603 538 3686 10,
563 3605 603 3670 37
626 3623 692 3669 non
711 3603 891 3686 intellegor
910 3604 979 3670 ulli.

314 3707 398 3772 Item
421 3727 463 3773 ex
484 3707 542 3772 ille
565 3707 668 3771 dativi
691 3706 820 3772 ratione
844 3707 1003 3790 generali,
1032 3726 1127 3789 quam
1149 3725 1250 3790 supra
1272 3725 1356 3772 com·

228 3811 416 3892 memoravi,
437 3809 602 3893 proficisci
623 3809 760 3893 videtur,
783 3809 812 3872 si
826 3809 972 3875 dativum
986 3809 1176 3874 adsciscunt
1190 3808 1356 3891 adjectiva

230 3931 315 3995 qnae
340 3912 543 3997 significant:

232 4069 437 4080 ——nn—

320 4149 360 4319 101))
381 4149 538 4302 77118111ξέ.
548 4146 624 4301 344
635 4145 766 4317 ¹33⁶}
790 4233 862 4298 eso.
982 4261 986 4278 ι

320 4321 359 4411 ¹²)
381 4322 492 4392 Madv.
515 4322 588 4387 Lat
610 4318 684 4403 Spr.
708 4316 736 4404 ἃ.
759 4319 832 4386 250.
