2914 4808
641 267 682 333 27

181 461 225 527 Et
252 461 390 544 primum
418 460 549 542 quidem
578 459 681 524 verbo
708 457 874 540 jubendi
908 461 996 542 quod
1026 459 1055 524 si
1086 479 1148 543 par
1175 466 1227 525 est

89 565 219 629 nostris
242 564 353 630 verbis
388 563 563 646 „befehlen
586 563 756 642 heissen,“
790 563 898 626 rarius
925 562 973 626 ita
994 562 1226 647 usurpatur³⁴),

92 667 325 750 conjunctivus
349 667 523 750 adjunctus
548 672 599 730 est
620 684 719 730 versu
742 683 770 728 e.
786 665 824 728 P.
847 665 908 730 III.
934 666 962 748 1,
991 664 1048 729 141
1072 686 1225 731 111111-

92 789 153 834 sus
169 770 284 854 juben,
308 770 384 833 dum
407 770 450 834 sit
473 768 678 848 vacuissima,
704 786 854 848 quaeras.

181 877 248 936 tum
270 874 383 953 verbo,
408 871 608 955 cupiendi,
634 870 722 951 quod
745 871 808 934 etsi
824 868 982 953 Haase³⁵)
1006 876 1039 934 et
1053 870 1171 954 Zumpt
1192 871 1226 935 in

91 994 198 1058 prosa
220 974 371 1039 oratione
394 993 515 1038 aureae
538 972 657 1038 aetatis
677 973 900 1056 conjunctioni
926 977 965 1035 ut
980 971 1077 1054 jungi
1094 974 1225 1037 omnino

89 1082 233 1161 negant,
256 1075 359 1140 nihilo
384 1076 491 1140 secius
515 1075 549 1139 in
574 1095 626 1158 ep.
650 1094 679 1139 e.
701 1075 740 1138 P.
763 1075 814 1140 bis
840 1075 888 1138 ita
909 1073 1046 1157 legitur:
1080 1075 1124 1140 II.
1146 1074 1181 1156 5,
1205 1075 1225 1139 3

91 1199 181 1262 quae
202 1185 277 1244 rata
298 1180 342 1243 sit
359 1179 454 1263 cupio
477 1178 524 1242 lll.
546 1179 574 1258 1,
598 1177 641 1242 35
664 1178 777 1260 cupias
799 1182 893 1240 utre
916 1177 1065 1261 potiaris.

180 1284 256 1347 Jam
266 1291 471 1347 transeamus
486 1282 528 1345 ad
540 1282 653 1362 verba,
670 1299 754 1361 quae
769 1298 961 1362 quamquam
974 1279 1223 1361 conjunctiones

92 1391 137 1450 ut
159 1385 212 1449 vel
232 1406 278 1450 ne
300 1385 451 1469 recipere
475 1381 597 1464 solent,
626 1403 699 1447 cum
719 1382 790 1448 solo
817 1382 1026 1465 conjunctivo
1051 1382 1226 1466 conjuncta

91 1488 289 1569 invenimus,
313 1507 396 1570 quae
420 1492 480 1552 est
493 1485 673 1569 simplicior
694 1486 781 1549 ratio
803 1484 950 1550 dicendi:

183 1607 352 1673 efficere
377 1628 405 1673 e.
423 1608 461 1671 P.
481 1605 527 1669 lll.
549 1603 581 1686 3,
605 1604 647 1671 63
670 1604 776 1687 effice,
799 1605 843 1670 sit
864 1605 960 1670 nobis
982 1626 1049 1671 non
1071 1605 1225 1689 implaca-

96 1709 175 1774 bilis
198 1710 249 1774 ira

182 1818 319 1896 optare
343 1812 400 1875 Tr.
422 1809 444 1874 l.
464 1811 490 1890 l,
515 1809 557 1874 29
581 1815 614 1874 11
633 1810 751 1874 tacitus
775 1846 815 1855 -
839 1815 946 1894 optet,
970 1809 1014 1874 sit
1029 1829 1102 1874 mea
1118 1830 1227 1893 poena

93 1915 132 1979 ll.
153 1914 194 1980 57
221 1915 334 1998 optavi
356 1918 554 1996 -peteres
578 1913 620 1976 V.
643 1911 673 1994 2,
703 1912 741 1975 17
766 1917 844 1995 opto
868 1949 908 1958 -
932 1912 1046 1978 levare
1069 1913 1151 1978 velit

181 2019 318 2082 mando
342 2017 399 2080 Tr.
420 2014 443 2080 l.
469 2015 501 2097 l,
537 2015 598 2079 119
624 2015 743 2079 mando
771 2013 862 2079 dicas
887 2017 928 2080 V.
961 2016 993 2097 1,
1030 2015 1066 2079 71
1093 2017 1226 2081 mando-

97 2119 253 2203 leguntur

181 2223 286 2289 iccio
309 2223 366 2287 Tr.
380 2221 402 2284 l.
426 2222 452 2303 1,
476 2221 517 2287 58
533 2221 566 2285 di
590 2221 749 2302 facerent,
772 2241 904 2306 possem
921 2241 1006 2286 nunc
1027 2242 1117 2288 meus
1141 2223 1226 2288 esse·

92 2325 141 2390 lll.
164 2324 198 2409 3,
227 2326 269 2392 65
299 2325 401 2389 111111
424 2361 462 2371 -
487 2326 675 2390 referantur
708 2327 750 2390 V.
772 2323 807 2406 4,
839 2324 878 2390 13
905 2324 939 2388 di
966 2324 1117 2392 facerent
1148 2326 1225 2391 talis

95 2435 202 2494 status
225 2435 323 2494 esset.

181 2549 285 2627 Quum
308 2549 348 2614 de
371 2547 532 2632 peculiari
555 2569 615 2612 usu
646 2548 847 2631 conjunctivi
874 2548 1124 2631 disseram,·hic
1147 2570 1225 2614 non·

93 2651 201 2718 nullas
225 2653 474 2735 conjunctiones
498 2653 769 2729 commemorabo,
792 2670 929 2732 quorum
951 2652 986 2715 in
1005 2672 1066 2717 usu
1088 2652 1225 2717 Ovidius

94 2773 116 2818 a
140 2773 292 2818 sermone
315 2755 445 2838 vulgari
464 2755 563 2838 plane
589 2753 741 2835 recessit,
776 2753 849 2818 dico
870 2753 1066 2837 particulam
1088 2754 1225 2820 interro·
1260 2751 1263 2761 '

94 2857 240 2939 gativam
261 2876 308 2920 an
331 2865 365 2922 et
383 2857 579 2940 particulam
601 2855 857 2921 conditionalem
881 2857 923 2921 si.

140 3001 143 3012 ·
181 2976 224 3039 ut
243 2977 347 3059 priori
367 2977 499 3058 quidem
513 2977 630 3060 partic.
648 2996 700 3053 cn,
725 2996 821 3057 quam
836 2982 893 3040 aut
910 2977 943 3041 in
960 2976 1064 3043 altero
1081 2982 1226 3044 membro

78 3078 366 3162 ‘interrogationis
390 3078 609 3162 disjunctivae
633 3085 690 3142 aut
710 3083 787 3162 post
802 3082 906 3144 verba
926 3081 1017 3161 „scio
1041 3082 1154 3145 nescio
1170 3082 1225 3146 du·

94 3169 184 3243 bito“
210 3181 328 3245 similia
350 3184 413 3264 „ob
434 3182 544 3246 nicht“
569 3180 809 3264 significantem
831 3184 983 3265 usurpari
1000 3184 1129 3266 scimus,
1151 3184 1226 3249 Ovi-

95 3282 166 3347 dius
183 3283 218 3345 in
233 3283 373 3366 simplici
388 3302 517 3365 quoque
533 3285 762 3348 enunciatione
778 3283 1020 3369 interrogativa
1035 3287 1146 3367 utitur,
1171 3290 1226 3352 ubi

95 3384 129 3448 in
150 3405 252 3468 prosa
275 3385 426 3450 oratione
458 3385 622 3469 particula
645 3388 761 3467 „num“
795 3388 875 3470 poni
901 3408 1039 3453 necesse
1068 3397 1154 3472 erat;
1191 3397 1227 3454 ut

94 3486 232 3570 legimus
255 3509 284 3552 1.
308 3488 346 3554 P.
369 3487 415 3553 lll.
441 3487 473 3570 7,
502 3487 542 3552 12
572 3489 626 3570 qui
654 3487 738 3571 legit
761 3489 820 3552 has
842 3489 972 3570 laudes,
1008 3510 1050 3554 an
1076 3512 1225 3557 mereare

96 3595 193 3672 rogat
215 3589 270 3655 lV.
292 3588 332 3671 3,
361 3589 477 3654 171111
504 3611 567 3674 ego
591 3611 676 3674 sum,
706 3592 762 3673 qui
782 3612 867 3656 nunc
891 3613 933 3657 an
953 3593 1075 3675 vivam,
1098 3594 1225 3676 perfide

97 3711 220 3756 nesc1s.

182 3812 265 3876 Item
303 3813 466 3896 particula
501 3815 587 3896 „si“,
627 3814 662 3877 id
696 3814 784 3896 quod
817 3815 851 3879 in
887 3835 1038 3879 sermone
1076 3817 1225 3900 pedestri

96 3915 199 3978 verbo
228 3917 380 3982 tentandi
406 3917 619 4000 permittitur,
660 3921 694 3981 et
720 3917 762 3981 ab
791 3917 863 3984 aliis
891 3919 999 4001 poetis
1028 3919 1224 3983 11111011-

98 4123 302 4135 ——u—

184 4275 224 4357 14)
248 4277 290 4342 11.
311 4278 422 4345 Madv.
447 4278 474 4365 Ξ.
497 4279 572 4345 390.
595 4282 658 4345 An.
681 4280 710 4344 2.

184 4361 224 4450 ³⁵)
248 4363 291 4429 ad
311 4363 403 4430 Reis.
425 4367 488 4431 An.
510 4366 574 4432 485
596 4387 628 4451 p.
651 4365 726 4433 560.
748 4366 875 4451 Zumpt.
898 4365 928 4451 ᾗ.
951 4365 1025 4432 613.
1048 4369 1108 4434 Au.
