2914 4808
736 215 818 329 xic

318 452 386 522 Sed
408 469 474 521 aon
496 449 600 517 solum
622 451 737 520 infinit.
759 451 855 535 pert,
878 448 991 516 verum
1011 451 1110 516 etiam
1125 451 1265 535 perfect.
1280 449 1365 518 indi-

233 557 335 623 cativi
357 554 401 618 ad
423 552 553 619 modum
575 553 689 635 graeci
712 553 837 634 coristi,
861 554 917 618 ubi
941 573 981 620 ex
1004 553 1133 637 vulgari
1156 552 1294 636 dicendi,
1312 572 1365 616 ra-

233 659 323 725 tione
336 654 691 740 plusquamqerfectum
703 661 892 738 poneretur,
904 655 1104 736 invenimus;
1116 655 1215 720 ut'lr.
1225 655 1266 719 V.
1281 653 1312 735 2,
1324 653 1366 718 16

277 757 445 842 Telephus
468 761 605 820 aeterua
628 761 838 840 consumptas
859 759 937 822 tabe
959 756 1103 840 perisset

362 858 397 924 Si
421 878 495 939 non,
525 877 623 939 quac
645 859 794 942 nocuit,
817 860 937 924 dextra
959 857 1091 922 tulisset
1112 875 1218 940 opem.

232 965 289 1028 Tr.
311 963 355 1026 II.
376 961 417 1026 97
440 979 491 1024 me
515 959 676 1041 miserum,
699 962 825 1043 potui,
849 962 877 1026 si
897 964 1202 1025 non-nocerent.

317 1062 486 1127 Interdum
508 1061 861 1146 plusquamperfectum
888 1083 950 1145 pro
978 1061 1175 1145 imperfecto
1207 1080 1227 1124 a
1254 1060 1366 1143 poetis

233 1167 300 1231 dici
319 1161 550 1246 Madvigius²³)
572 1169 675 1247 putat,
700 1165 836 1249 ejusque
860 1165 1045 1228 sententiae
1068 1183 1110 1228 ex
1128 1183 1179 1245 ep.
1196 1181 1224 1226 e.
1239 1162 1277 1226 P.
1301 1161 1367 1226 hoc

233 1267 417 1350 exemplum
444 1263 553 1329 affert:
585 1265 646 1331 III.
672 1266 702 1348 3,
726 1267 767 1331 37
801 1287 863 1332 nec
891 1267 972 1331 satis
995 1266 1057 1330 hoc
1080 1265 1225 1330 iuerat:
1261 1263 1363 1328 stulto

234 1387 363 1452 quoque
387 1367 530 1431 carmine
553 1366 628 1431 feci.

319 1469 560 1552 Nonnunquam
581 1471 668 1553 apud
685 1470 837 1535 Ovidium
858 1471 1063 1554 plusquamp.
1077 1469 1227 1552 legimus,
1251 1471 1307 1533 ubi
1322 1489 1366 1534 ex

234 1573 396 1643 communi
417 1591 478 1636 usu
497 1578 679 1657 temporum
701 1573 884 1657 perfectum
908 1579 1146 1658 exspectemus,
1170 1578 1206 1636 ut
1228 1573 1285 1637 Tr.
1300 1571 1363 1635 111.

235 1676 284 1758 12,
301 1675 342 1742 25
356 1695 422 1740 non
437 1695 516 1757 sum,
531 1677 591 1756 qui
606 1676 742 1741 fueram.
765 1677 807 1742 V.
819 1675 849 1759 5,
862 1676 883 1742 3
898 1676 946 1741 sic
957 1713 999 1723 —
1011 1676 1164 1740 Laertius
1182 1671 1364 1757 egerat²⁴)

234 1779 333 1844 heros
356 1779 397 1842 V.
420 1777 468 1859 ta,
491 1777 533 1842 30
554 1778 612 1860 illi,
636 1779 692 1860 qui
714 1777 850 1846 fueram.

319 1881 402 1944 Tum
434 1879 554 1960 foret,
590 1882 678 1963 quod
709 1883 813 1965 magis
841 1887 969 1964 tempus
1002 1880 1143 1944 futurum
1171 1885 1302 1964 spectat
1330 1884 1366 1944 et

235 1987 345 2048 esset
369 2002 465 2064 quum
484 1982 543 2046 alii
566 1990 685 2066 poetae
707 1990 775 2049 tum
791 1983 928 2048 Ovidius
945 2002 1050 2067 paene
1066 1983 1137 2048 sine
1158 1983 1223 2048 ullo
1248 1982 1362 2048 discri-

232 2086 318 2150 mine
342 2089 477 2167 ponunt,
502 2083 539 2148 u't
560 2086 616 2148 Tr.
632 2087 657 2150 I.
673 2087 703 2168 5,
721 2086 760 2150 21
783 2092 820 2149 ut
841 2085 929 2150 foret
951 2085 1134 2168 exemplum
1153 2086 1363 2149 —Phoceus

234 2186 354 2270 amoris
382 2185 425 2249 24
446 2185 531 2250 si-
545 2187 653 2270 gloria
668 2189 758 2253 nulla
778 2188 866 2252 foret
878 2188 940 2252 III.
958 2187 990 2268 4,
1007 2187 1047 2251 27
1066 2207 1132 2252 nou
1148 2188 1237 2252 foret
1251 2190 1363 2253 orbus.

235 2310 263 2354 e.
287 2289 325 2354 P.
348 2288 375 2352 Ι.
399 2288 428 2370 9,
455 2289 492 2352 18
517 2291 687 2371 ponendus
704 2291 733 2355 si
749 2290 836 2355 foret
851 2291 911 2354 ΙΙΙ.
935 2289 966 2371 6,
988 2289 1011 2352 4
1031 2290 1091 2355 IV.
1113 2289 1143 2372 9,
1168 2289 1218 2354 22.
1242 2290 1294 2354 23.
1309 2290 1363 2355 38.

237 2391 287 2456 14.
310 2390 362 2455 62.
388 2390 437 2456 16.
461 2391 491 2456 b.
516 2391 545 2456 8.

318 2493 427 2558 Etiam
453 2494 487 2556 in
515 2497 698 2579 temporum
730 2496 962 2560 consecutione
986 2494 1138 2560 Ovidium
1173 2495 1363 2558 liberiorem

234 2615 308 2660 esse
331 2595 496 2660 nonnullis
519 2597 678 2680 exemplis
701 2603 851 2680 apparet,
880 2603 915 2660 ut
939 2598 994 2661 Tr.
1018 2598 1059 2661 V.
1085 2595 1134 2676 13,
1158 2595 1178 2659 3
1199 2617 1302 2679 aeger
1321 2633 1362 2642 -

232 2698 348 2780 traxi,
368 2735 409 2744 -
426 2733 464 2744 —-
483 2718 560 2782 pars
576 2719 618 2766 ne
633 2719 696 2782 qua
716 2705 831 2765 vacet
852 2701 894 2764 V.
912 2699 960 2780 13,
980 2699 1019 2763 15
1034 2698 1182 2782 pluribus
1199 2718 1361 2780 accusem,

235 2799 307 2874 fieri
329 2799 393 2870 nisi
415 2806 539 2883 posset.

432 3103 459 3190 ζ.
481 3103 512 3168 4.
558 3107 610 3170 lie
632 3107 963 3174 ceterisoralionis
984 3110 1163 3193 partibus.

405 3222 432 3287 1.
469 3223 523 3288 Dc
562 3224 851 3308 adjectivorum
887 3247 956 3291 usu
992 3227 1197 3310 peculiari.

316 3324 503 3408 Adjectiva,
523 3345 605 3407 qnae
620 3328 654 3391 in
668 3347 769 3410 prosa
785 3330 934 3394 oratione
948 3330 1163 3394 substantivis
1180 3337 1236 3393 aut
1244 3329 1362 3412 juncta

231 3432 288 3490 aut
304 3427 463 3492 attributa
484 3434 692 3512 usurpantur,
714 3429 884 3513 paullatim
906 3436 1056 3496 naturam
1080 3433 1360 3497 substantivorum

423 3551 427 3562 v

235 3567 440 3578 ..u-

231 3669 323 3732 pore.
368 3649 428 3714 llst
451 3656 559 3714 autem
581 3651 693 3715 Attica
715 3649 829 3734 figura,
858 3671 922 3734 qna
948 3672 1008 3717 nos
1039 3653 1173 3718 utinen
1197 3655 1360 3736 convenit,

230 3741 266 3797 ut
288 3727 433 3816 ἀόριστος
465 3741 606 3819 ponatur
639 3756 701 3818 pro
733 3733 882 3817 ἐνεστῶτι,
918 3744 951 3802 ut
986 3732 1107 3822 γράψαι
1136 3743 1197 3822 pro
1225 3733 1359 3822 γράφειν.

231 3819 305 3884 Hac
327 3819 463 3884 licentia
482 3827 615 3885 utuntur
637 3828 766 3905 poetae.
986 3849 988 3853 ’

320 3903 361 4070 ῗθζ
383 3905 456 3971 Lat.
480 3905 553 3990 Spr.
577 3905 603 3994 ξ.
627 3905 689 3971 338
718 3909 778 3971 Au.
803 3907 833 3971 6.

318 3989 346 4032 ²⁴
381 3991 445 4055 Ad.
468 3991 499 4056 h.
522 3991 544 4055 l.
568 3991 762 4058 Merkelius:
786 3994 824 4057 ln
847 3993 909 4056 hoc
932 4013 1029 4058 versu
1052 3992 1268 4059 Heinsianam
1291 4015 1359 4058 cor·

231 4075 413 4140 rectionem
439 4073 579 4162 [egerit]
608 4077 682 4142 loco
705 4079 873 4158 movimus,
903 4077 1049 4158 quamvis
1073 4077 1268 4162 elegantem,
1302 4081 1361 4149 sed

231 4166 266 4224 ut
287 4161 381 4225 libris
402 4161 500 4226 nullis
522 4162 646 4244 fultam,
666 4164 719 4227 ita
732 4164 861 4228 minime
881 4163 1114 4228 necessariam.
1158 4165 1249 4229 infra
1270 4165 1300 4244 8,
1322 4165 1360 4230 13

232 4246 344 4327 qui-
359 4246 638 4329 nugacitate
662 4249 717 4330 qui
741 4249 867 4314 fueram
888 4249 979 4314 Fast.
1007 4248 1036 4330 6,
1059 4247 1099 4310 13
1124 4249 1254 4316 viderat
1281 4251 1359 4315 Met.

235 4330 286 4412 lu,
308 4331 365 4396 101
391 4333 620 4416 suspenderat.
663 4378 674 4396 .
