2914 4808
775 285 817 350 26

237 496 301 559 qua
323 479 398 540 sunt
420 475 668 558 compositione,
689 476 723 539 in
744 474 894 539 oratione
917 493 1019 558 prosa
1044 474 1286 558 conjunctivum
1309 495 1359 542 re-

237 580 349 662 cipere
374 576 494 659 solent,
518 598 583 642 555
609 580 705 643 modo
734 577 821 661 apud
844 576 995 642 Ovidium
1018 581 1213 659 ceterosque
1235 583 1363 660 poetas,

237 682 297 746 scd
320 682 418 744 etiam
441 680 528 762 apud
550 681 730 764 scriptores
754 678 874 745 aetatis
898 685 1088 762 argenteae,
1112 699 1197 762 quae
1216 681 1365 764 appella-

235 790 298 865 tur,
322 803 394 847 cum
415 782 595 848 indicativo
617 783 813 874 conjunctae
832 782 1053 847 inveniuntur.
1084 784 1260 848 Vetustate
1280 783 1367 847 enim
1453 825 1454 834 .

235 886 394 970 temporis
421 890 539 949 natura
566 889 600 950 et
623 886 870 970 compositionis
903 885 990 950 ratio
1017 884 1052 948 in
1083 885 1134 949 his
1167 887 1303 951 vocibus
1331 885 1366 949 in

236 988 436 1053 oblivionem
458 987 549 1052 venit
571 994 605 1053 51
628 989 743 1054 visae
766 993 916 1072 potestas
938 987 1107 1072 paullatim
1131 993 1300 1053 attenuata
1319 989 1367 1052 vi·

237 1091 342 1155 detur.
386 1089 517 1166 Altera,
546 1111 629 1172 quae
657 1097 708 1156 551
738 1092 929 1174 quamvis,
965 1091 1114 1175 exceptis
1143 1092 1257 1175 paucis
1282 1090 1367 1156 locis

236 1194 280 1278 (5.
300 1192 339 1257 Ρ.
360 1191 404 1256 H.
429 1191 483 1273 10,
514 1192 553 1258 18
575 1193 635 1257 ΠΙ.
665 1193 698 1275 7,
726 1194 829 1259 517.
857 1195 891 1275 9,
927 1193 983 1278 21)
1011 1194 1225 1259 indicativum
1260 1214 1366 1259 roco-

237 1293 337 1380 pit⁸³)
374 1301 408 1360 51
440 1295 571 1377 quidem
598 1296 683 1362 hunc
714 1296 843 1361 modum
878 1297 911 1362 in
943 1297 994 1362 his
1025 1297 1177 1362 versibus
1210 1297 1366 1381 legimus:

237 1419 266 1464 5.
288 1398 327 1462 P.
350 1398 376 1461 I.
401 1398 429 1480 1,
455 1397 496 1463 15
514 1399 661 1481 quamvis
685 1401 887 1464 55555111.
910 1400 944 1482 2,
967 1399 1011 1464 42
1034 1399 1181 1482 quamvis
1203 1402 1289 1465 bona
1312 1406 1367 1466 551

236 1501 280 1565 ΙΙ.
303 1500 333 1580 8,
355 1500 395 1564 76
411 1500 568 1584 justaque
592 1503 738 1583 quamvis
762 1503 895 1569 551111.
918 1503 948 1585 2,
970 1503 1013 1568 95
1033 1502 1180 1586 quamvis
1200 1501 1314 1566 abiere
1336 1503 1366 1566 Ι.

236 1605 266 1686 6,
287 1603 330 1669 45
345 1603 492 1686 quamvis
509 1609 561 1668 est
575 1605 635 1670 IV.
652 1604 682 1685 6,
704 1603 745 1668 31
763 1606 910 1688 quamvis
932 1625 1082 1689 pugnare
1096 1605 1251 1670 videntur
1264 1605 1322 1669 Tr.
1337 1605 1365 1669 Ι.

236 1706 266 1788 2,
291 1705 328 1774 11
353 1705 500 1789 quamvis
521 1705 678 1772 distamus
694 1707 738 1771 Π.
753 1707 817 1774 555
831 1708 978 1791 quamvis
994 1708 1099 1772 defuit
1119 1708 1145 1771 1.
1172 1707 1200 1788 l,
1222 1707 1273 1772 25.
1292 1706 1365 1773 116.

235 1809 296 1874 III.
317 1808 347 1890 3,
371 1806 422 1874 79.
442 1808 493 1873 83.
516 1808 545 1890 7,
568 1809 598 1873 9.
625 1808 684 1873 IV.
703 1809 732 1892 1,
747 1810 799 1876 35.
821 1811 851 1894 2,
868 1810 920 1876 26.
942 1812 991 1893 10,
1010 1808 1081 1874 113.
1104 1811 1145 1876 V.
1160 1809 1191 1892 5,
1217 1809 1266 1875 13.
1290 1809 1318 1892 7,
1333 1808 1365 1874 6.

236 1910 289 1976 31.
314 1911 344 1992 9,
370 1909 421 1976 25.

322 2013 428 2079 511555
460 2013 647 2097 conjunctio
681 2015 818 2079 forsan
851 2015 904 2080 vel
938 2017 1110 2081 forsitan
1147 2014 1243 2079 modo
1276 2013 1367 2096 quod

236 2117 379 2182 sermoni
401 2116 530 2200 vulgari
545 2122 802 2182 consentaneum
825 2123 886 2200 551,
907 2118 1115 2202 conjunctivo
1135 2124 1171 2181 51
1188 2137 1217 2182 5.
1232 2117 1270 2181 P.
1285 2117 1311 2180 l.
1336 2116 1366 2196 1,

235 2219 266 2286 5.
289 2219 320 2302 5,
343 2219 393 2285 65.
417 2219 447 2301 8,
468 2218 519 2284 69.
547 2217 607 2282 ΙΠ.
630 2219 661 2301 3,
680 2218 732 2284 33.
755 2220 786 2303 4,
808 2221 859 2286 28.
881 2219 912 2303 5,
935 2221 977 2286 23
999 2227 1060 2286 515.
1084 2221 1181 2285 modo
1201 2220 1290 2301 quod
1313 2239 1365 2283 ra-

235 2323 303 2387 rius
327 2323 436 2406 poetis
458 2322 582 2386 licitum
605 2327 665 2403 551,
689 2323 869 2389 indicativo
888 2325 1005 2409 juncta
1027 2329 1088 2405 551,
1110 2328 1146 2386 51
1169 2343 1198 2388 5.
1221 2323 1260 2388 P.
1282 2323 1308 2385 1.
1336 2321 1365 2402 1,

236 2425 278 2490 28
300 2425 441 2490 forsitan
464 2425 581 2508 dignus
603 2423 753 2490 habebor
766 2426 827 2491 III.
849 2426 880 2508 4,
906 2426 946 2491 12
968 2426 1109 2490 forsitan
1133 2432 1209 2490 5515
1229 2425 1291 2488 fuit
1303 2424 1365 2490 IV.

238 2528 272 2609 1,
295 2527 336 2591 27
360 2547 460 2610 rogas
483 2528 599 2592 forsan
622 2527 683 2592 IV.
708 2528 763 2608 13,
789 2527 830 2592 14
851 2529 992 2594 forsitan
1014 2533 1134 2611 potest.
1174 2529 1231 2592 Tr.
1254 2529 1298 2593 ll.
1327 2527 1366 2592 19

236 2630 379 2695 forsitan
403 2666 447 2677 —
467 2666 511 2676 -
532 2629 620 2693 ferat
636 2629 697 2694 III.
719 2630 750 2712 3,
773 2629 815 2696 25
838 2631 979 2696 forsitan
1001 2631 1084 2714 agis.

601 2798 632 2865 2.
665 2801 719 2866 De
744 2801 999 2887 conjunctivo

322 2919 446 2984 Contra
469 2941 523 3002 ea,
558 2938 642 3003 quae
664 2919 761 2985 modo
786 2921 827 2987 de
849 2942 911 2987 555
932 2920 1106 2986 indicativi
1128 2921 1210 3001 dixi,
1244 2940 1364 3004 prono·

236 3023 324 3088 mina
334 3023 506 3088 indefinita
520 3023 725 3105 „quicunque
738 3023 994 3107 qualiscunque“
1008 3031 1042 3090 et
1054 3023 1242 3109 conjunctio
1258 3022 1365 3104 „sive

236 3125 290 3191 vel
314 3145 397 3207 seu,
420 3144 504 3208 quae
520 3125 651 3190 dicendi
675 3128 912 3192 consuetudine
936 3147 1008 3192 cam
1029 3127 1210 3191 indicativo
1233 3124 1363 3209 conjun-

236 3234 366 3312 guntur,
388 3246 617 3309 nonnunquam
629 3228 728 3311 apud
750 3229 902 3293 Ovidium
929 3229 1171 3313 conjunctivum
1191 3227 1365 3311 recipiunt,

236 3350 302 3395 555
325 3330 413 3412 quod
440 3335 537 3396 tenor
564 3329 723 3395 orationis
746 3330 831 3395 huuc
864 3331 994 3396 modurn
1016 3332 1179 3414 requirat,
1215 3329 1275 3394 sed
1302 3349 1364 3413 pro

233 3432 392 3498 liboriorc
415 3432 533 3498 aetatis
555 3437 733 3515 argenteae
750 3452 821 3496 usu.
859 3433 997 3516 Legitur
1012 3435 1113 3517 igitur
1136 3430 1364 3515 conjunctivus

235 3537 271 3599 in
291 3535 342 3601 his
356 3536 453 3602 locis:
477 3554 506 3601 5.
522 3535 561 3598 Ρ.
584 3535 611 3599 Ι.
625 3534 656 3617 3,
671 3535 714 3602 55
737 3555 930 3618 quocunque
954 3534 1098 3618 aspicias
1111 3535 1171 3600 IV.
1189 3534 1219 3615 8,
1243 3533 1282 3597 17
1307 3553 1365 3596 555

236 3658 339 3722 ganas
362 3638 509 3704 55551155
526 3673 566 3684 -
582 3637 652 3702 5155
673 3637 758 3702 55115
771 3636 830 3701 IV.
851 3637 900 3719 15,
927 3636 967 3700 14
984 3657 1063 3721 pars
1086 3657 1149 3721 ego
1170 3637 1232 3702 sim
1246 3654 1365 3700 census

235 3741 519 3823 quantulacunque
533 3742 590 3805 Tr.
611 3740 638 3803 Ι.
654 3740 684 3822 3,
708 3739 749 3804 21
773 3759 967 3822 quocunque
990 3741 1161 3824 aspiceres
1177 3739 1205 3822 7,
1232 3737 1271 3802 12
1288 3757 1364 3819 qua·

235 3844 410 3926 liacunque
432 3843 539 3927 legas.

322 3946 368 4012 Ut
388 3947 422 4011 in
444 3947 495 4012 his
519 3943 677 4029 exemplis
692 3943 843 4009 Ovidium
866 3945 1075 4029 conjunctivo
1099 3961 1160 4026 pro
1181 3941 1364 4007 indicativo

235 4069 327 4114 5555
350 4069 424 4115 5555
451 4049 604 4131 vidimus,
633 4049 681 4113 ita
708 4048 796 4114 idem
825 4049 939 4114 modus
963 4068 1024 4132 pro
1046 4045 1222 4128 infinitivo,
1249 4045 1365 4127 quiin

236 4152 386 4218 oratione
413 4151 520 4216 551515
547 4152 675 4236 positus
699 4170 774 4215 5555
805 4151 962 4232 debebat,
995 4149 1181 4233 legentibus
1210 4147 1364 4214 occurrit.

236 4291 441 4304 *Ι

243 4435 246 4440 .
322 4373 364 4460 11)
384 4393 448 4457 555
463 4375 505 4441 (15
521 4394 581 4440 555
595 4373 728 4459 poetico
743 4373 908 4441 51511515.
925 4369 1028 4459 1305.
1043 4372 1153 4438 Madv.
1165 4371 1239 4436 361.
1256 4372 1321 4436 An.
1335 4371 1365 4436 1.
