2914 4808
641 243 785 332 η’

474 456 501 519 l.
531 455 838 520 similitudinem.

177 559 216 623 In
239 578 302 641 quo
324 559 503 641 praecipue
522 557 720 640 adjectivum
735 556 893 639 ‚‚similis“
908 561 1224 626 commemorandum

90 667 152 726 est.
198 660 334 725 Multum
361 659 512 724 amultis
539 659 761 748 grammaticis
795 659 937 724 omnium
966 666 1149 745 temporum
1182 664 1223 728 dc

90 763 337 828 constructione
353 763 439 826 illius
455 761 612 844 adjectivi
628 762 828 845 disputatum
848 768 908 827 est.
953 763 1035 827 Utut
1057 770 1117 846 est,
1140 785 1224 847 quae

90 869 133 930 ab
156 864 328 950 Haasio¹⁸j
355 864 521 947 explicata
543 869 627 945 sunt,
657 885 849 946 quamquam
873 865 1011 928 maxime
1035 867 1224 948 probabilia
1315 927 1320 941 ,

90 967 169 1031 mihi
191 967 353 1047 videntur,
376 971 486 1031 tamen
509 986 605 1048 quum
628 965 668 1030 de
693 985 753 1028 usu
775 966 861 1030 illius
884 967 1042 1050 adjectivi
1057 967 1091 1030 in
1110 969 1223 1032 carmi-

90 1069 187 1132 nibus
202 1067 321 1149 Ovidii,
346 1088 431 1150 quae
454 1069 486 1132 in
509 1068 609 1132 exilio
630 1066 783 1131 confecta
799 1073 883 1148 sunt,
908 1088 1113 1151 quaeramus,
1137 1071 1223 1152 quod

96 1171 274 1235 discrimen
296 1169 409 1234 Haase
431 1169 453 1233 l.
477 1189 505 1236 c.
529 1169 638 1248 affert,
663 1168 698 1232 id
720 1171 762 1232 ab
779 1168 898 1233 Ovidio
922 1190 987 1234 non
1010 1172 1223 1236 observatum

92 1293 166 1338 esse
197 1273 429 1356 intellegimus.
484 1271 569 1336 Nam
602 1271 776 1352 adjectivis
809 1272 967 1350 similis,
1006 1273 1222 1354 dissimilis,

92 1375 287 1438 adsimilis
314 1374 437 1439 nullum
463 1373 561 1437 alium
586 1393 705 1454 casum,
733 1373 798 1438 nisi
825 1373 995 1438 dativum
1027 1375 1223 1456 adjectum

90 1478 304 1556 inveniemus,
333 1476 480 1559 quamvis
508 1496 550 1539 ex
572 1475 629 1539 illo
653 1483 834 1559 praecepto
858 1479 1047 1559 genetivum
1072 1479 1224 1560 usurpari

91 1599 230 1654 necesse
255 1579 367 1660 fuerit;
402 1578 591 1659 etquidem
617 1577 755 1660 legimus
783 1599 811 1642 e.
835 1579 872 1642 P.
900 1582 922 1643 Ι.
947 1578 976 1660 2,
1001 1576 1043 1642 84
1065 1578 1222 1642 fratribus

92 1680 250 1744 adsimilis
271 1681 312 1744 ll.
336 1679 366 1759 8,
388 1680 428 1743 31
457 1699 580 1763 perque
602 1679 663 1743 tibi
686 1679 823 1744 similem
847 1717 890 1727 -
911 1685 1022 1744 natum
1046 1682 1082 1744 ll.
1110 1681 1158 1755 ll,
1184 1679 1221 1744 17

94 1781 676 1864 mmmmmmm.
1188 1765 1192 1774 '

491 1900 521 1965 2.
555 1901 830 1966 diversitatem

178 1998 463 2090 praepesterus
486 2003 542 2068 Tr.
562 2003 589 2068 Ι.
613 2003 643 2084 8,
672 2001 823 2068 domnia
844 2008 982 2068 naturae
1006 2009 1224 2089 praepostera

92 2108 224 2191 legibus
248 2107 350 2170 ibunt.

177 2211 207 2276 3.
231 2209 402 2292 Adhaeret
417 2209 489 2274 aliis
507 2228 634 2291 quoque
652 2209 820 2274 vocabulis
836 2211 953 2274 tertius
970 2211 997 2276 is
1011 2231 1117 2290 casus,
1139 2230 1223 2292 quae

92 2316 275 2379 observare
296 2331 418 2395 operae
442 2311 573 2376 videtur
596 2312 745 2394 pretium,
768 2318 804 2375 ut

177 2414 289 2479 simul
323 2415 379 2479 Tr.
408 2417 449 2481 V.
479 2416 527 2496 10,
556 2414 597 2478 29
625 2414 746 2497 quippe
781 2414 875 2479 simul
909 2415 1005 2479 nobis
1036 2414 1223 2479 discrimine

92 2517 183 2582 nullo
206 2518 385 2580 Barbarus.

489 2618 519 2681 3.
546 2618 599 2680 De
626 2619 823 2700 genetivo.

179 2720 263 2783 lllud
287 2718 506 2783 confitendum
528 2725 588 2800 est,
618 2720 779 2783 rationem
804 2721 949 2802 genetivi
973 2721 1072 2784 latius
1095 2727 1222 2804 patere,

91 2843 189 2904 quam
217 2841 290 2902 qua,
326 2827 361 2882 ut
390 2820 488 2904 vulgo
515 2821 644 2901 dieitur,
676 2840 795 2886 nomen
828 2822 951 2902 aliquid
985 2823 1223 2886 accuratiorem

91 2924 316 2989 definitionem
343 2921 494 3004 accipiat.
543 2921 675 2998 Revera
707 2923 793 2986 enim
821 2921 994 3005 genetivus
1028 2924 1110 2987 nihil
1134 2922 1224 2986 aliud

90 3027 243 3104 denotat,
265 3023 329 3088 nisi
351 3024 532 3106 subjeetum
554 3022 687 3105 aliquod
710 3043 781 3087 cum
803 3023 996 3106 praedicato
1020 3025 1222 3106 cogitatione

90 3146 165 3192 esse
191 3125 398 3207 conjunctum
424 3129 458 3188 et
484 3125 517 3186 in
545 3125 647 3188 breve
673 3131 885 3189 contractum.
904 3153 914 3172 κ
935 3124 1005 3203 Qua
1031 3146 1072 3188 ex
1099 3125 1223 3208 signifi·

90 3229 222 3292 catione
244 3224 417 3308 multiplici
439 3226 568 3290 ratione
591 3228 775 3291 nominibus
791 3233 825 3290 et
839 3226 950 3289 verbis
966 3228 1138 3308 genetivus
1148 3228 1222 3310 jun·

90 3331 179 3414 gitur
203 3335 236 3392 et
259 3332 413 3409 quantum
436 3347 476 3389 cx
500 3327 610 3390 Ovidii
633 3329 841 3408 carminibus,
866 3328 900 3390 in
928 3328 1044 3410 quibus
1071 3336 1223 3392 versatur

89 3433 173 3497 haec
202 3428 393 3512 disputatio,
429 3429 585 3511 cognosci
616 3435 740 3512 potest,
768 3430 916 3512 inprimis
945 3435 1109 3494 strucmra
1135 3430 1222 3512 adje-

90 3535 250 3599 ctivorum
276 3531 560 3594 commemoranda
587 3537 647 3595 est.
697 3531 898 3614 Quamquam
925 3533 1011 3596 enirn
1036 3552 1132 3595 nemo
1162 3537 1222 3612 est,

90 3637 145 3720 qui
164 3634 303 3713 nesciat,
328 3632 428 3696 etiam
442 3633 529 3714 apud
545 3634 723 3716 scriptores
742 3653 863 3716 prosae
879 3633 1038 3697 orationis
1055 3633 1221 3715 adjectiva

90 3737 265 3822 genetivus
288 3733 440 3816 regentia
461 3733 619 3799 latissima
641 3742 767 3818 patere,
790 3742 898 3798 tamen
920 3734 1007 3816 apud
1024 3741 1140 3818 poetas
1156 3755 1223 3799 non

90 3841 219 3920 desunt,
243 3857 326 3920 quae
351 3838 393 3900 ab
413 3856 473 3899 usu
491 3837 619 3919 vulgari
636 3835 849 3901 abhorrentia
863 3836 910 3898 ad
921 3835 1104 3919 exemplum
1120 3837 1221 3902 Grae·

91 3962 203 4006 corum
236 3938 423 4022 genetivum
455 3938 628 4020 recipiant.
677 3937 746 4002 Nos
779 3937 919 4020 singula,
955 3956 1039 4019 quae
1072 3939 1222 4002 instituto

90 4048 206 4108 nostro
230 4040 355 4105 servire
369 4039 576 4119 videbuntur,
600 4040 799 4106 excutiemus
819 4044 853 4123 et
868 4044 1022 4121 quantum
1037 4038 1220 4121 poterimus

89 4146 124 4209 in
147 4149 257 4208 certas
279 4141 405 4206 classes
426 4141 483 4204 illa
505 4141 671 4224 adjectiva
693 4142 935 4207 distribuemus.

91 4264 297 4277 ...--....-.

182 4329 220 4422 ¹³)
243 4330 357 4396 Haase
380 4329 424 4394 ad
445 4329 536 4396 Reis.
558 4331 622 4395 An.
644 4328 708 4396 550
730 4327 847 4416 p··673
871 4347 966 4414 seqq.
