2914 4808
781 241 820 322 11

443 432 471 496 1.
503 431 655 515 Adject.
682 429 870 511 incuriae,
895 429 1168 514 negligentiae

326 554 489 615 securus
511 534 568 608 'lr-
590 535 618 601 1.
642 534 670 615 1.
692 531 735 611 49
757 532 900 620 denique
921 550 1056 608 secure
1079 531 1196 608 fena.

507 674 537 735 2.
568 670 841 752 Ignorantiae,
873 669 1096 753 imperitiae

325 775 502 838 incertus
535 772 591 836 Tr.
613 771 674 836 Ill.
697 771 727 852 6,
750 771 772 836 4
796 772 1007 853 incertusque
1029 790 1122 836 meae
1136 771 1304 836 -salutis
1435 762 1436 780 ¹

326 875 464 940 dubius
486 875 544 939 Ττ.
565 874 626 938 ΠΙ.
649 873 679 955 3,
706 873 748 939 116
773 893 836 957 ego
859 893 930 936 sum
950 873 1040 938 vitae
1063 873 1181 938 dubius
1211 872 1252 936 el.
1276 871 1374 937 Post.

241 978 271 1058 6,
295 977 368 1042 672.
413 977 492 1041 Met.
519 974 662 1056 11418.

499 1094 529 1158 3.
561 1094 652 1172 Alia
685 1093 873 1174 quaedam
908 1092 1111 1175 adjective

326 1195 449 1279 fugax
472 1197 529 1260 Tr.
551 1196 611 1260 111.
642 1195 672 1274 2,
708 1195 729 1259 9
762 1194 881 1275 quique
908 1193 1011 1276 fugax
1043 1213 1152 1259 rerum
1179 1193 1234 1258 lv.
1257 1195 1306 1275 10,
1330 1193 1373 1260 38

241 1298 468 1379 sollicitaeque
491 1297 594 1380 fugax
616 1296 803 1363 ambitionis
826 1315 925 1359 eram.

326 1400 535 1483 impatiens
559 1399 615 1463 Tr.
635 1399 696 1462 III.
720 1399 750 1479 2,
778 1398 817 1463 10
838 1395 1013 1480 impatiens
1036 1397 1196 1463 laborum.

329 1522 450 1584 aeger
472 1501 529 1565 Tr.
552 1502 594 1566 V.
624 1500 674 1580 13,
698 1501 717 1563 3
741 1498 1005 1583 Aeger-mentis

327 1603 512 1690 grandior
543 1603 599 1666 Tr.
622 1603 676 1667 lV.
706 1602 754 1683 10,
782 1602 824 1666 43
858 1621 959 1684 saepe
990 1620 1066 1666 suas
1103 1601 1254 1668 volueres
1289 1602 1373 1687 legit

239 1706 319 1771 mihi
346 1705 505 1789 grandior
527 1724 621 1768 aevo.

326 1806 511 1891 dignus¹⁴)
534 1807 590 1871 Tr.
613 1806 667 1871 lV.
692 1806 722 1886 3,
745 1805 786 1872 at
811 1805 919 1887 thue
942 1805 1068 1889 probae
1092 1805 1224 1889 dignum
1246 1813 1307 1874 est.

634 1923 665 1989 4.
700 1925 752 1991 De
787 1924 974 1990 ablativo.

326 2029 474 2097 Ablativi
496 2027 663 2113 primitiva
685 2027 735 2092 'vis
758 2047 797 2092 ac
816 2033 965 2112 potestas
987 2027 1035 2092 ita
1053 2027 1124 2093 iere
1139 2029 1372 2097 constituenda

242 2139 303 2214 est,
324 2138 360 2196 ut
382 2132 468 2196 uude
490 2130 613 2215 aliquid
636 2130 694 2193 fiat
716 2129 770 2194 vel
793 2129 914 2206 lactum
936 2129 987 2211 sit,
1014 2130 1147 2196 indicet.

326 2223 472 2300 Primum
494 2255 535 2299 ex
558 2232 619 2297 hac
642 2231 792 2317 generali
811 2221 938 2296 ratione
962 2219 1181 2318 proficiscitur
1204 2237 1370 2320 specialis,

242 2358 325 2421 quae
347 2337 525 2403 intercedit
549 2336 636 2398 iuter
655 2354 787 2399 causam
808 2340 842 2398 et
864 2341 1027 2401 eventum.
1072 2337 1183 2402 Ovidii
1198 2344 1308 2416 tamen
1323 2337 1369 2403 iu·

240 2433 354 2524 primis
378 2445 430 2506 est
451 2439 588 2522 propria
611 2437 718 2502 oratio
740 2457 801 2521 pro
821 2437 892 2502 solo
915 2437 1061 2503 ablativo
1087 2450 1217 2522 causae,
1245 2442 1300 2524 qui
1324 2442 1369 2506 di·

241 2542 335 2623 citur,
354 2540 634 2625 praepositionem
656 2531 698 2608 ub
721 2539 896 2622 adJectivis
913 2540 1049 2622 addere,
1070 2547 1104 2604 ut
1118 2541 1200 2606 haee
1220 2543 1371 2627 exempla

242 2645 420 2709 docebunt:
454 2643 510 2706 Tr.
540 2643 566 2705 1.
595 2641 625 2722 2,
653 2640 695 2705 29
722 2640 873 2723 gelidus
896 2642 1023 2706 Boreas
1045 2645 1092 2706 ab
1116 2645 1221 2708 Arcto
1243 2645 1287 2709 11.
1308 2645 1370 2711 255

242 2745 466 2818 doctior-ab
490 2744 576 2807 omni
596 2743 739 2807 carmine
760 2743 820 2807 IV.
839 2743 870 2809 3.
890 2742 932 2808 36
954 2759 975 2811 a
996 2745 1251 2811 nostris-triste
1274 2747 1369 2811 malis

212 2899 214 2902 .
241 2845 272 2930 4,
293 2847 333 2912 ’16
355 2838 440 2927 ubst)
462 2845 597 2910 ulterius
611 2846 727 2910 funere
742 2849 912 2910 moestus
933 2851 1007 2909 erat
1029 2846 1079 2929 10,
1105 2845 1143 2912 16
1166 2848 1209 2912 ad
1223 2848 1369 2933 insigues

242 2949 284 3014 ab
308 2954 379 3012 urta
405 2948 505 3012 viros.

332 3116 369 3199 ¹⁴)
392 3117 436 3181 ad
457 3116 489 3180 la
507 3115 529 3180 l.
555 3117 669 3182 Heius.
685 3118 763 3181 adn.
787 3117 939 3197 „Probae
955 3114 1085 3198 plurimi
1099 3118 1211 3204 (uod.)
1232 3139 1274 3184 ex
1288 3121 1371 3184 casti
1441 3129 1442 3178 ξ

242 3202 438 3286 gatioribus.
464 3201 597 3286 optime.
623 3202 711 3319 regit
733 3203 818 3275 euim
839 3221 881 3268 ea
904 3220 969 3266 vox
987 3220 1053 3269 nou
1075 3204 1253 3271 secundum
1267 3205 1369 3274 minua

244 3292 722 3455 quanhlsffllllgffilicialseuetiionem
735 3345 848 3454 recepi
861 3376 977 3434 contra
989 3371 1218 3437 auctoritatem
1230 3373 1369 3455 Heiusii,

242 3459 299 3540 qui
321 3450 514 3528 obelierius
531 3455 647 3519 funera
661 3454 730 3538 legi
749 3455 829 3518 vult.
865 3454 931 3518 Sed
948 3455 1128 3536 videamus,
1149 3457 1227 3537 quid
1242 3457 1368 3523 Merke-

240 3542 303 3608 llus
326 3543 370 3606 ad
392 3543 422 3605 h.
444 3540 468 3603 l.
491 3540 593 3604 dieat:
632 3542 696 3622 „ob
716 3539 854 3604 alterius
877 3540 994 3603 funera
1020 3540 1202 3625 Hamburg.
1246 3541 1367 3608 Stroaa

240 3626 397 3695 Franeoi.
428 3625 510 3708 aeg.
533 3625 605 3690 Rel.
629 3625 751 3706 Berol,
778 3632 846 3688 tum
868 3625 978 3689 Moret
1009 3645 1070 3708 pro
1091 3645 1162 3692 var.
1185 3645 1249 3692 sur.
1272 3628 1368 3692 Ham·

241 3715 440 3798 burgensem
470 3711 614 3778 fortasse
648 3730 710 3794 pro
737 3710 1000 3776 Francoiurtanc
1025 3710 1174 3784 laudavit
1202 3712 1368 3781 Heinsius.

225 3797 407 3880 *Quidquid
426 3795 461 3860 id
484 3797 609 3878 citrei,
633 3796 798 3880 scriptura
815 3795 918 3860 futilis
934 3801 995 3860 est.
1040 3795 1212 3862 Moestus
1235 3800 1282 3862 ob
1305 3798 1367 3862 ali·

242 3885 333 3966 quid
348 3883 461 3948 nescio
477 3880 641 3962 quomodo
657 3887 811 3962 tauquam
830 3881 1018 3945 inusitatum
1039 3881 1207 3946 offendere
1227 3882 1368 3966 videtur;

241 3969 380 4033 alterum
403 3972 493 4032 certe
516 3967 619 4031 habes
643 3985 744 4050 supra
768 3966 831 4030 lII.
857 3966 887 4048 3,
921 3964 963 4030 36
997 3970 1031 4029 et
1059 3967 1224 4042 sententia
1251 3967 1367 4032 Ovidio

241 4054 342 4138 digna
363 4052 421 4118 illa
438 4053 567 4116 demum
588 4056 649 4134 est,
672 4057 832 4116 moestum
853 4056 1026 4132 utrumque
1049 4050 1168 4133 fuisse,
1197 4053 1284 4134 quod
1298 4053 1367 4137 ipse

241 4139 337 4204 funus
365 4137 500 4203 ulterius
527 4137 753 4220 comitaretur,
783 4136 817 4200 ia
848 4130 964 4203 funere
997 4136 1064 4200 iret
1094 4135 1185 4220 (vida
1205 4157 1308 4222 supra
1327 4139 1368 4202 ad

240 4224 267 4290 1.
289 4223 320 4306 2,
342 4222 398 4306 28)
419 4240 486 4286 uon
511 4222 554 4286 ob
577 4221 703 4309 funera,
727 4223 757 4287 h.
779 4241 808 4288 e.
830 4226 969 4310 propter
992 4226 1140 4310 mortem,
1163 4223 1252 4310 quod
1272 4243 1368 4292 versu

241 4308 347 4399 priori
371 4306 523 4376 dicitur.“
