<?xml version="1.0" encoding="UTF-8"?>
<!DOCTYPE html PUBLIC "-//W3C//DTD XHTML 1.0 Transitional//EN"
    "http://www.w3.org/TR/xhtml1/DTD/xhtml1-transitional.dtd">
<html xmlns="http://www.w3.org/1999/xhtml" xml:lang="en" lang="en">
 <head>
  <title>
</title>
<meta http-equiv="Content-Type" content="text/html;charset=utf-8" />
  <meta name='ocr-system' content='tesseract 3.04.00' />
  <meta name='ocr-capabilities' content='ocr_page ocr_carea ocr_par ocr_line ocrx_word'/>
</head>
<body>
  <div class='ocr_page' id='page_1' title='image "./desyntaxiinovid01jacogoog_0031.png"; bbox 0 0 2914 4808; ppageno 0'>
   <div class='ocr_carea' id='block_1_1' title="bbox 680 239 814 338">
    <p class='ocr_par' dir='ltr' id='par_1_1' title="bbox 680 239 814 338">
     <span class='ocr_line' id='line_1_1' title="bbox 680 239 814 338; baseline -0.007 -33"><span class='ocrx_word' id='word_1_1' title='bbox 680 328 684 338; x_wconf 67' lang='lat'><strong>.</strong></span> <span class='ocrx_word' id='word_1_2' title='bbox 773 239 814 304; x_wconf 74' lang='grc'>26</span> 
     </span>
    </p>
   </div>
   <div class='ocr_carea' id='block_1_2' title="bbox 125 425 1365 820">
    <p class='ocr_par' dir='ltr' id='par_1_2' title="bbox 232 425 1365 594">
     <span class='ocr_line' id='line_1_2' title="bbox 232 425 1365 511; baseline -0.001 -21"><span class='ocrx_word' id='word_1_3' title='bbox 232 425 289 490; x_wconf 86' lang='lat' dir='ltr'>dio</span> <span class='ocrx_word' id='word_1_4' title='bbox 315 445 376 509; x_wconf 89' lang='lat' dir='ltr'>pro</span> <span class='ocrx_word' id='word_1_5' title='bbox 401 427 566 510; x_wconf 88' lang='lat' dir='ltr'>particula</span> <span class='ocrx_word' id='word_1_6' title='bbox 589 426 833 510; x_wconf 84' lang='lat' dir='ltr'>interrogativa</span> <span class='ocrx_word' id='word_1_7' title='bbox 864 427 981 508; x_wconf 84' lang='lat' dir='ltr'>„nnm“</span> <span class='ocrx_word' id='word_1_8' title='bbox 1013 428 1160 511; x_wconf 84' lang='lat' dir='ltr'>ponitur,</span> <span class='ocrx_word' id='word_1_9' title='bbox 1193 433 1230 492; x_wconf 88' lang='lat' dir='ltr'>ut</span> <span class='ocrx_word' id='word_1_10' title='bbox 1261 448 1292 492; x_wconf 92' lang='lat' dir='ltr'>e.</span> <span class='ocrx_word' id='word_1_11' title='bbox 1326 427 1365 492; x_wconf 87' lang='lat' dir='ltr'>P.</span> 
     </span>
     <span class='ocr_line' id='line_1_3' title="bbox 238 527 381 594; baseline -0.007 -2"><span class='ocrx_word' id='word_1_12' title='bbox 238 527 325 594; x_wconf 65' lang='lat' dir='ltr'>IL?</span> <span class='ocrx_word' id='word_1_13' title='bbox 359 527 381 592; x_wconf 85' lang='lat'>4</span> 
     </span>
    </p>

    <p class='ocr_par' dir='ltr' id='par_1_3' title="bbox 125 577 1232 820">
     <span class='ocr_line' id='line_1_4' title="bbox 125 577 1232 716; baseline -0.001 -15"><span class='ocrx_word' id='word_1_14' title='bbox 125 643 127 651; x_wconf 83' lang='grc'>’</span> <span class='ocrx_word' id='word_1_15' title='bbox 318 577 470 714; x_wconf 74' lang='lat' dir='ltr'>proxima</span> <span class='ocrx_word' id='word_1_16' title='bbox 491 631 713 714; x_wconf 78' lang='lat' dir='ltr'>subsequitur,</span> <span class='ocrx_word' id='word_1_17' title='bbox 737 633 817 714; x_wconf 90' lang='lat' dir='ltr'>quid</span> <span class='ocrx_word' id='word_1_18' title='bbox 837 651 918 714; x_wconf 85' lang='lat' dir='ltr'>agas</span> <span class='ocrx_word' id='word_1_19' title='bbox 941 632 1056 698; x_wconf 85' lang='lat' dir='ltr'>audire</span> <span class='ocrx_word' id='word_1_20' title='bbox 1080 634 1232 716; x_wconf 82' lang='lat' dir='ltr'>voluptas</span> 
     </span>
     <span class='ocr_line' id='line_1_5' title="bbox 406 734 1181 820; baseline -0.005 -17"><span class='ocrx_word' id='word_1_21' title='bbox 406 740 440 799; x_wconf 81' lang='lat' dir='ltr'>et</span> <span class='ocrx_word' id='word_1_22' title='bbox 461 735 499 816; x_wconf 89' lang='lat' dir='ltr'>si,</span> <span class='ocrx_word' id='word_1_23' title='bbox 523 734 681 818; x_wconf 89' lang='lat' dir='ltr'>quidquid</span> <span class='ocrx_word' id='word_1_24' title='bbox 705 735 787 818; x_wconf 86' lang='lat' dir='ltr'>agis,</span> <span class='ocrx_word' id='word_1_25' title='bbox 810 736 856 800; x_wconf 83' lang='lat' dir='ltr'>sit</span> <span class='ocrx_word' id='word_1_26' title='bbox 876 735 938 800; x_wconf 90' lang='lat' dir='ltr'>tibi</span> <span class='ocrx_word' id='word_1_27' title='bbox 961 754 1040 800; x_wconf 85' lang='lat' dir='ltr'>eura</span> <span class='ocrx_word' id='word_1_28' title='bbox 1062 735 1181 820; x_wconf 77' lang='lat' dir='ltr'>mei⁸⁶)</span> 
     </span>
    </p>
   </div>
   <div class='ocr_carea' id='block_1_3' title="bbox 606 938 1059 1022">
    <p class='ocr_par' dir='ltr' id='par_1_4' title="bbox 606 938 1059 1022">
     <span class='ocr_line' id='line_1_6' title="bbox 606 938 1059 1022; baseline 0.002 -17"><span class='ocrx_word' id='word_1_29' title='bbox 606 939 637 1005; x_wconf 87' lang='lat'>3.</span> <span class='ocrx_word' id='word_1_30' title='bbox 671 939 726 1003; x_wconf 89' lang='lat' dir='ltr'>De</span> <span class='ocrx_word' id='word_1_31' title='bbox 748 938 994 1022; x_wconf 87' lang='lat' dir='ltr'>imperativo</span> <span class='ocrx_word' id='word_1_32' title='bbox 1055 1003 1059 1006; x_wconf 83' lang='lat'><strong>.</strong></span> 
     </span>
    </p>
   </div>
   <div class='ocr_carea' id='block_1_4' title="bbox 141 1073 1374 3724">
    <p class='ocr_par' dir='ltr' id='par_1_5' title="bbox 232 1073 1374 1363">
     <span class='ocr_line' id='line_1_7' title="bbox 326 1073 1374 1159; baseline -0.001 -21"><span class='ocrx_word' id='word_1_33' title='bbox 326 1076 357 1138; x_wconf 85' lang='lat' dir='ltr'>A</span> <span class='ocrx_word' id='word_1_34' title='bbox 381 1074 488 1159; x_wconf 87' lang='lat' dir='ltr'>poetis</span> <span class='ocrx_word' id='word_1_35' title='bbox 504 1075 700 1158; x_wconf 86' lang='lat' dir='ltr'>imperativo</span> <span class='ocrx_word' id='word_1_36' title='bbox 716 1075 805 1140; x_wconf 89' lang='lat' dir='ltr'>hisce</span> <span class='ocrx_word' id='word_1_37' title='bbox 837 1095 933 1158; x_wconf 87' lang='lat' dir='ltr'>‚,age,</span> <span class='ocrx_word' id='word_1_38' title='bbox 957 1073 1056 1158; x_wconf 90' lang='lat' dir='ltr'>agite,</span> <span class='ocrx_word' id='word_1_39' title='bbox 1080 1093 1122 1138; x_wconf 92' lang='lat' dir='ltr'>en</span> <span class='ocrx_word' id='word_1_40' title='bbox 1139 1076 1223 1157; x_wconf 87' lang='lat' dir='ltr'>age“</span> <span class='ocrx_word' id='word_1_41' title='bbox 1260 1075 1374 1158; x_wconf 88' lang='lat' dir='ltr'>adjun-</span> 
     </span>
     <span class='ocr_line' id='line_1_8' title="bbox 232 1175 1371 1262; baseline -0.003 -21"><span class='ocrx_word' id='word_1_42' title='bbox 232 1177 305 1258; x_wconf 83' lang='lat' dir='ltr'>ctis,</span> <span class='ocrx_word' id='word_1_43' title='bbox 328 1178 378 1242; x_wconf 86' lang='lat' dir='ltr'>vis</span> <span class='ocrx_word' id='word_1_44' title='bbox 402 1177 530 1242; x_wconf 85' lang='lat' dir='ltr'>adferri</span> <span class='ocrx_word' id='word_1_45' title='bbox 555 1177 654 1261; x_wconf 91' lang='lat' dir='ltr'>solet,</span> <span class='ocrx_word' id='word_1_46' title='bbox 678 1184 714 1242; x_wconf 91' lang='lat' dir='ltr'>ut</span> <span class='ocrx_word' id='word_1_47' title='bbox 728 1178 817 1262; x_wconf 87' lang='lat' dir='ltr'>apud</span> <span class='ocrx_word' id='word_1_48' title='bbox 832 1176 971 1243; x_wconf 87' lang='lat' dir='ltr'>Ovidum</span> <span class='ocrx_word' id='word_1_49' title='bbox 994 1177 1028 1240; x_wconf 89' lang='lat' dir='ltr'>in</span> <span class='ocrx_word' id='word_1_50' title='bbox 1053 1199 1084 1242; x_wconf 89' lang='lat' dir='ltr'>v.</span> <span class='ocrx_word' id='word_1_51' title='bbox 1100 1197 1127 1242; x_wconf 92' lang='lat' dir='ltr'>e.</span> <span class='ocrx_word' id='word_1_52' title='bbox 1142 1177 1180 1242; x_wconf 91' lang='lat' dir='ltr'>P.</span> <span class='ocrx_word' id='word_1_53' title='bbox 1196 1177 1256 1243; x_wconf 86' lang='lat' dir='ltr'>IV.</span> <span class='ocrx_word' id='word_1_54' title='bbox 1278 1177 1309 1259; x_wconf 87' lang='lat'>3,</span> <span class='ocrx_word' id='word_1_55' title='bbox 1329 1175 1371 1240; x_wconf 80' lang='lat'>21</span> 
     </span>
     <span class='ocr_line' id='line_1_9' title="bbox 232 1279 617 1363; baseline 0.003 -20"><span class='ocrx_word' id='word_1_56' title='bbox 232 1284 289 1344; x_wconf 86' lang='lat' dir='ltr'>ant</span> <span class='ocrx_word' id='word_1_57' title='bbox 310 1300 372 1363; x_wconf 89' lang='lat' dir='ltr'>age</span> <span class='ocrx_word' id='word_1_58' title='bbox 396 1279 449 1345; x_wconf 90' lang='lat' dir='ltr'>dic</span> <span class='ocrx_word' id='word_1_59' title='bbox 464 1317 505 1326; x_wconf 89' lang='lat'><em>-</em></span> <span class='ocrx_word' id='word_1_60' title='bbox 532 1299 617 1363; x_wconf 90' lang='lat' dir='ltr'>quae</span> 
     </span>
    </p>

    <p class='ocr_par' dir='ltr' id='par_1_6' title="bbox 230 1382 1372 1886">
     <span class='ocr_line' id='line_1_10' title="bbox 322 1382 1372 1467; baseline 0 -21"><span class='ocrx_word' id='word_1_61' title='bbox 322 1382 471 1447; x_wconf 88' lang='lat' dir='ltr'>Omnium</span> <span class='ocrx_word' id='word_1_62' title='bbox 499 1389 672 1466; x_wconf 88' lang='lat' dir='ltr'>poetarum</span> <span class='ocrx_word' id='word_1_63' title='bbox 694 1383 864 1467; x_wconf 90' lang='lat' dir='ltr'>proprium</span> <span class='ocrx_word' id='word_1_64' title='bbox 890 1388 955 1463; x_wconf 87' lang='lat' dir='ltr'>est,</span> <span class='ocrx_word' id='word_1_65' title='bbox 990 1382 1002 1445; x_wconf 93' lang='lat' dir='ltr'>i</span> <span class='ocrx_word' id='word_1_66' title='bbox 1029 1401 1131 1446; x_wconf 88' lang='lat' dir='ltr'>nunc</span> <span class='ocrx_word' id='word_1_67' title='bbox 1162 1382 1372 1465; x_wconf 84' lang='lat' dir='ltr'>imperativis</span> 
     </span>
     <span class='ocr_line' id='line_1_11' title="bbox 234 1485 1368 1568; baseline -0.001 -20"><span class='ocrx_word' id='word_1_68' title='bbox 234 1505 454 1568; x_wconf 79' lang='lat' dir='ltr'>praeponere,</span> <span class='ocrx_word' id='word_1_69' title='bbox 480 1492 516 1549; x_wconf 90' lang='lat' dir='ltr'>ut</span> <span class='ocrx_word' id='word_1_70' title='bbox 536 1486 646 1549; x_wconf 88' lang='lat' dir='ltr'>ironia</span> <span class='ocrx_word' id='word_1_71' title='bbox 669 1486 829 1568; x_wconf 89' lang='lat' dir='ltr'>quaedam</span> <span class='ocrx_word' id='word_1_72' title='bbox 852 1485 1064 1568; x_wconf 87' lang='lat' dir='ltr'>exprimatur,</span> <span class='ocrx_word' id='word_1_73' title='bbox 1085 1490 1120 1548; x_wconf 88' lang='lat' dir='ltr'>ut</span> <span class='ocrx_word' id='word_1_74' title='bbox 1137 1505 1165 1548; x_wconf 90' lang='lat' dir='ltr'>e.</span> <span class='ocrx_word' id='word_1_75' title='bbox 1181 1486 1218 1549; x_wconf 92' lang='lat' dir='ltr'>P.</span> <span class='ocrx_word' id='word_1_76' title='bbox 1235 1485 1261 1548; x_wconf 92' lang='grc' dir='ltr'>Ι.</span> <span class='ocrx_word' id='word_1_77' title='bbox 1279 1485 1309 1566; x_wconf 86' lang='grc'>3,</span> <span class='ocrx_word' id='word_1_78' title='bbox 1325 1485 1368 1548; x_wconf 92' lang='grc'>61</span> 
     </span>
     <span class='ocr_line' id='line_1_12' title="bbox 230 1580 1371 1672; baseline 0.001 -21"><span class='ocrx_word' id='word_1_79' title='bbox 230 1589 241 1651; x_wconf 93' lang='lat' dir='ltr'>i</span> <span class='ocrx_word' id='word_1_80' title='bbox 261 1608 346 1652; x_wconf 91' lang='lat' dir='ltr'>nuno</span> <span class='ocrx_word' id='word_1_81' title='bbox 371 1594 407 1652; x_wconf 92' lang='lat' dir='ltr'>et</span> <span class='ocrx_word' id='word_1_82' title='bbox 428 1595 577 1654; x_wconf 88' lang='lat' dir='ltr'>veterum</span> <span class='ocrx_word' id='word_1_83' title='bbox 600 1589 696 1653; x_wconf 89' lang='lat' dir='ltr'>nobis</span> <span class='ocrx_word' id='word_1_84' title='bbox 718 1587 873 1672; x_wconf 89' lang='lat' dir='ltr'>exempla</span> <span class='ocrx_word' id='word_1_85' title='bbox 896 1588 1040 1653; x_wconf 90' lang='lat' dir='ltr'>virorum</span> <span class='ocrx_word' id='word_1_86' title='bbox 1063 1624 1104 1634; x_wconf 90' lang='lat'><em>-</em></span> <span class='ocrx_word' id='word_1_87' title='bbox 1126 1623 1168 1633; x_wconf 89' lang='lat'><em>-</em></span> <span class='ocrx_word' id='word_1_88' title='bbox 1190 1580 1295 1651; x_wconf 72' lang='lat' dir='ltr'>refer.&#39;</span> <span class='ocrx_word' id='word_1_89' title='bbox 1307 1587 1371 1652; x_wconf 87' lang='lat' dir='ltr'>IV·</span> 
     </span>
     <span class='ocr_line' id='line_1_13' title="bbox 232 1675 1370 1775; baseline -0.003 -20"><span class='ocrx_word' id='word_1_90' title='bbox 232 1692 262 1772; x_wconf 84' lang='lat'>3,</span> <span class='ocrx_word' id='word_1_91' title='bbox 286 1691 327 1756; x_wconf 80' lang='lat'>53</span> <span class='ocrx_word' id='word_1_92' title='bbox 350 1693 371 1773; x_wconf 92' lang='lat' dir='ltr'>i,</span> <span class='ocrx_word' id='word_1_93' title='bbox 399 1692 485 1774; x_wconf 90' lang='lat' dir='ltr'>bibe,</span> <span class='ocrx_word' id='word_1_94' title='bbox 510 1691 677 1771; x_wconf 81' lang='lat' dir='ltr'>dixissem,</span> <span class='ocrx_word' id='word_1_95' title='bbox 698 1697 879 1775; x_wconf 85' lang='lat' dir='ltr'>purgantes</span> <span class='ocrx_word' id='word_1_96' title='bbox 902 1675 1040 1772; x_wconf 78' lang='lat' dir='ltr'>pectora</span> <span class='ocrx_word' id='word_1_97' title='bbox 1062 1709 1170 1755; x_wconf 88' lang='lat' dir='ltr'>sucos.</span> <span class='ocrx_word' id='word_1_98' title='bbox 1210 1691 1266 1754; x_wconf 82' lang='lat' dir='ltr'>Tr.</span> <span class='ocrx_word' id='word_1_99' title='bbox 1289 1689 1316 1755; x_wconf 90' lang='lat' dir='ltr'>I.</span> <span class='ocrx_word' id='word_1_100' title='bbox 1340 1690 1370 1772; x_wconf 87' lang='lat'>1,</span> 
     </span>
     <span class='ocr_line' id='line_1_14' title="bbox 233 1793 1078 1886; baseline -0.001 -29"><span class='ocrx_word' id='word_1_101' title='bbox 233 1793 274 1857; x_wconf 81' lang='grc'>67</span> <span class='ocrx_word' id='word_1_102' title='bbox 296 1795 308 1856; x_wconf 91' lang='lat' dir='ltr'>i</span> <span class='ocrx_word' id='word_1_103' title='bbox 328 1801 438 1858; x_wconf 90' lang='lat' dir='ltr'>tamen</span> <span class='ocrx_word' id='word_1_104' title='bbox 460 1800 494 1857; x_wconf 85' lang='lat' dir='ltr'>et</span> <span class='ocrx_word' id='word_1_105' title='bbox 516 1814 576 1876; x_wconf 91' lang='lat' dir='ltr'>pro</span> <span class='ocrx_word' id='word_1_106' title='bbox 600 1813 651 1886; x_wconf 84' lang='lat' dir='ltr'>me</span> <span class='ocrx_word' id='word_1_107' title='bbox 674 1799 710 1856; x_wconf 88' lang='lat' dir='ltr'>tu</span> <span class='ocrx_word' id='word_1_108' title='bbox 733 1829 773 1839; x_wconf 92' lang='lat'>-</span> <span class='ocrx_word' id='word_1_109' title='bbox 796 1794 909 1877; x_wconf 81' lang='lat' dir='ltr'>aspice</span> <span class='ocrx_word' id='word_1_110' title='bbox 931 1793 1078 1859; x_wconf 86' lang='lat' dir='ltr'>Romam.</span> 
     </span>
    </p>

    <p class='ocr_par' dir='ltr' id='par_1_7' title="bbox 229 1895 1370 2186">
     <span class='ocr_line' id='line_1_15' title="bbox 320 1895 1370 1980; baseline -0.003 -19"><span class='ocrx_word' id='word_1_111' title='bbox 320 1896 503 1963; x_wconf 88' lang='lat' dir='ltr'>Praeterea</span> <span class='ocrx_word' id='word_1_112' title='bbox 532 1901 653 1980; x_wconf 90' lang='lat' dir='ltr'>poetae</span> <span class='ocrx_word' id='word_1_113' title='bbox 685 1916 787 1980; x_wconf 88' lang='lat' dir='ltr'>saepe</span> <span class='ocrx_word' id='word_1_114' title='bbox 814 1897 1043 1980; x_wconf 88' lang='lat' dir='ltr'>imperativum</span> <span class='ocrx_word' id='word_1_115' title='bbox 1066 1895 1139 1960; x_wconf 83' lang='lat' dir='ltr'>aliis</span> <span class='ocrx_word' id='word_1_116' title='bbox 1166 1895 1292 1975; x_wconf 86' lang='lat' dir='ltr'>verbis,</span> <span class='ocrx_word' id='word_1_117' title='bbox 1319 1900 1370 1958; x_wconf 86' lang='lat' dir='ltr'>ut:</span> 
     </span>
     <span class='ocr_line' id='line_1_16' title="bbox 233 1997 1365 2084; baseline -0.003 -22"><span class='ocrx_word' id='word_1_118' title='bbox 233 2000 577 2082; x_wconf 50' lang='lat' dir='ltr'>„mitterefomittere</span> <span class='ocrx_word' id='word_1_119' title='bbox 599 2018 739 2082; x_wconf 81' lang='lat' dir='ltr'>parcere</span> <span class='ocrx_word' id='word_1_120' title='bbox 765 1998 903 2081; x_wconf 86' lang='lat' dir='ltr'>fugere“</span> <span class='ocrx_word' id='word_1_121' title='bbox 934 1999 1115 2084; x_wconf 87' lang='lat' dir='ltr'>explicant:</span> <span class='ocrx_word' id='word_1_122' title='bbox 1149 1999 1206 2064; x_wconf 86' lang='lat' dir='ltr'>Tr.</span> <span class='ocrx_word' id='word_1_123' title='bbox 1228 1997 1289 2063; x_wconf 86' lang='lat' dir='ltr'><strong>III.</strong></span> <span class='ocrx_word' id='word_1_124' title='bbox 1314 1998 1365 2080; x_wconf 91' lang='lat' dir='ltr'>ll,</span> 
     </span>
     <span class='ocr_line' id='line_1_17' title="bbox 229 2100 930 2186; baseline 0.003 -21"><span class='ocrx_word' id='word_1_125' title='bbox 229 2102 271 2165; x_wconf 74' lang='lat'>32</span> <span class='ocrx_word' id='word_1_126' title='bbox 300 2121 402 2186; x_wconf 87' lang='lat' dir='ltr'>parce</span> <span class='ocrx_word' id='word_1_127' title='bbox 424 2138 466 2148; x_wconf 89' lang='lat'>—</span> <span class='ocrx_word' id='word_1_128' title='bbox 488 2121 601 2166; x_wconf 90' lang='lat' dir='ltr'>manes</span> <span class='ocrx_word' id='word_1_129' title='bbox 626 2100 807 2166; x_wconf 87' lang='lat' dir='ltr'>sollicitare</span> <span class='ocrx_word' id='word_1_130' title='bbox 829 2121 930 2167; x_wconf 89' lang='lat' dir='ltr'>meos.</span> 
     </span>
    </p>

    <p class='ocr_par' dir='ltr' id='par_1_8' title="bbox 204 2203 1369 2700">
     <span class='ocr_line' id='line_1_18' title="bbox 318 2203 1369 2287; baseline 0 -19"><span class='ocrx_word' id='word_1_131' title='bbox 318 2203 435 2286; x_wconf 83' lang='lat' dir='ltr'>Neque</span> <span class='ocrx_word' id='word_1_132' title='bbox 457 2224 537 2269; x_wconf 92' lang='lat' dir='ltr'>vero</span> <span class='ocrx_word' id='word_1_133' title='bbox 550 2204 766 2269; x_wconf 85' lang='lat' dir='ltr'>omittendum</span> <span class='ocrx_word' id='word_1_134' title='bbox 781 2205 922 2287; x_wconf 90' lang='lat' dir='ltr'>videtur,</span> <span class='ocrx_word' id='word_1_135' title='bbox 946 2204 1108 2286; x_wconf 87' lang='lat' dir='ltr'>Ovidium,</span> <span class='ocrx_word' id='word_1_136' title='bbox 1131 2204 1188 2269; x_wconf 91' lang='lat' dir='ltr'>ubi</span> <span class='ocrx_word' id='word_1_137' title='bbox 1210 2204 1369 2287; x_wconf 85' lang='lat' dir='ltr'>conjunc·</span> 
     </span>
     <span class='ocr_line' id='line_1_19' title="bbox 232 2306 1368 2391; baseline 0 -21"><span class='ocrx_word' id='word_1_138' title='bbox 232 2306 319 2371; x_wconf 88' lang='lat' dir='ltr'>tivus</span> <span class='ocrx_word' id='word_1_139' title='bbox 343 2327 385 2372; x_wconf 82' lang='lat' dir='ltr'>ex</span> <span class='ocrx_word' id='word_1_140' title='bbox 399 2306 529 2390; x_wconf 84' lang='lat' dir='ltr'>vulgari</span> <span class='ocrx_word' id='word_1_141' title='bbox 550 2307 679 2372; x_wconf 83' lang='lat' dir='ltr'>ratione</span> <span class='ocrx_word' id='word_1_142' title='bbox 702 2307 835 2372; x_wconf 88' lang='lat' dir='ltr'>dicendi</span> <span class='ocrx_word' id='word_1_143' title='bbox 857 2309 1029 2391; x_wconf 87' lang='lat' dir='ltr'>ponendus</span> <span class='ocrx_word' id='word_1_144' title='bbox 1049 2312 1130 2389; x_wconf 88' lang='lat' dir='ltr'>erat,</span> <span class='ocrx_word' id='word_1_145' title='bbox 1154 2307 1287 2390; x_wconf 84' lang='lat' dir='ltr'>saepius</span> <span class='ocrx_word' id='word_1_146' title='bbox 1311 2307 1368 2370; x_wconf 89' lang='lat' dir='ltr'>im-</span> 
     </span>
     <span class='ocr_line' id='line_1_20' title="bbox 233 2409 1367 2494; baseline -0.002 -20"><span class='ocrx_word' id='word_1_147' title='bbox 233 2410 386 2492; x_wconf 90' lang='lat' dir='ltr'>perativo</span> <span class='ocrx_word' id='word_1_148' title='bbox 410 2429 481 2473; x_wconf 90' lang='lat' dir='ltr'>cnm</span> <span class='ocrx_word' id='word_1_149' title='bbox 505 2409 684 2492; x_wconf 84' lang='lat' dir='ltr'>negatione</span> <span class='ocrx_word' id='word_1_150' title='bbox 707 2411 883 2494; x_wconf 88' lang='lat' dir='ltr'>conjuncto</span> <span class='ocrx_word' id='word_1_151' title='bbox 917 2431 1009 2476; x_wconf 89' lang='lat' dir='ltr'>usum</span> <span class='ocrx_word' id='word_1_152' title='bbox 1032 2431 1120 2475; x_wconf 88' lang='lat' dir='ltr'>esse:</span> <span class='ocrx_word' id='word_1_153' title='bbox 1155 2429 1250 2492; x_wconf 89' lang='lat' dir='ltr'>quem</span> <span class='ocrx_word' id='word_1_154' title='bbox 1271 2429 1367 2474; x_wconf 85' lang='lat' dir='ltr'>usum</span> 
     </span>
     <span class='ocr_line' id='line_1_21' title="bbox 204 2511 1368 2596; baseline -0.003 -18"><span class='ocrx_word' id='word_1_155' title='bbox 204 2511 411 2596; x_wconf 79' lang='lat' dir='ltr'>&#39;Servins⁸⁷)</span> <span class='ocrx_word' id='word_1_156' title='bbox 439 2513 605 2596; x_wconf 88' lang='lat' dir='ltr'>poeticum</span> <span class='ocrx_word' id='word_1_157' title='bbox 629 2533 703 2578; x_wconf 86' lang='lat' dir='ltr'>esee</span> <span class='ocrx_word' id='word_1_158' title='bbox 725 2519 829 2596; x_wconf 87' lang='lat' dir='ltr'>putat.</span> <span class='ocrx_word' id='word_1_159' title='bbox 874 2511 1085 2596; x_wconf 62' lang='lat' dir='ltr'>Reisigiusv)</span> <span class='ocrx_word' id='word_1_160' title='bbox 1107 2513 1195 2576; x_wconf 88' lang='lat' dir='ltr'>idem</span> <span class='ocrx_word' id='word_1_161' title='bbox 1218 2512 1368 2576; x_wconf 87' lang='lat' dir='ltr'>sentiens</span> 
     </span>
     <span class='ocr_line' id='line_1_22' title="bbox 232 2613 1368 2700; baseline -0.002 -20"><span class='ocrx_word' id='word_1_162' title='bbox 232 2615 316 2680; x_wconf 91' lang='lat' dir='ltr'>hunc</span> <span class='ocrx_word' id='word_1_163' title='bbox 339 2636 440 2696; x_wconf 85' lang='lat' dir='ltr'>usum,</span> <span class='ocrx_word' id='word_1_164' title='bbox 464 2615 638 2680; x_wconf 90' lang='lat' dir='ltr'>dummodo</span> <span class='ocrx_word' id='word_1_165' title='bbox 658 2613 744 2680; x_wconf 88' lang='lat' dir='ltr'>alter</span> <span class='ocrx_word' id='word_1_166' title='bbox 765 2617 980 2700; x_wconf 82' lang='lat' dir='ltr'>imperativus</span> <span class='ocrx_word' id='word_1_167' title='bbox 994 2617 1084 2680; x_wconf 86' lang='lat' dir='ltr'>nulla</span> <span class='ocrx_word' id='word_1_168' title='bbox 1103 2615 1298 2698; x_wconf 87' lang='lat' dir='ltr'>praeposita</span> <span class='ocrx_word' id='word_1_169' title='bbox 1313 2635 1368 2679; x_wconf 92' lang='lat' dir='ltr'>ne·</span> 
     </span>
    </p>

    <p class='ocr_par' dir='ltr' id='par_1_9' title="bbox 232 2717 1367 2803">
     <span class='ocr_line' id='line_1_23' title="bbox 232 2717 1367 2803; baseline -0.004 -20"><span class='ocrx_word' id='word_1_170' title='bbox 232 2718 365 2801; x_wconf 87' lang='lat' dir='ltr'>gatione</span> <span class='ocrx_word' id='word_1_171' title='bbox 389 2717 576 2799; x_wconf 86' lang='lat' dir='ltr'>antecedat,</span> <span class='ocrx_word' id='word_1_172' title='bbox 599 2717 633 2782; x_wconf 89' lang='lat' dir='ltr'>in</span> <span class='ocrx_word' id='word_1_173' title='bbox 656 2719 806 2784; x_wconf 87' lang='lat' dir='ltr'>oratione</span> <span class='ocrx_word' id='word_1_174' title='bbox 819 2738 951 2800; x_wconf 88' lang='lat' dir='ltr'>qnoque</span> <span class='ocrx_word' id='word_1_175' title='bbox 974 2738 1075 2803; x_wconf 78' lang='lat' dir='ltr'>prona</span> <span class='ocrx_word' id='word_1_176' title='bbox 1097 2717 1240 2784; x_wconf 89' lang='lat' dir='ltr'>inveniri</span> <span class='ocrx_word' id='word_1_177' title='bbox 1263 2717 1367 2782; x_wconf 83' lang='lat' dir='ltr'>addit.</span> 
     </span>
    </p>

    <p class='ocr_par' dir='ltr' id='par_1_10' title="bbox 141 2805 1367 3724">
     <span class='ocr_line' id='line_1_24' title="bbox 141 2805 1366 2906; baseline 0 -22"><span class='ocrx_word' id='word_1_178' title='bbox 141 2805 151 2814; x_wconf 62' lang='grc'><strong>“</strong></span> <span class='ocrx_word' id='word_1_179' title='bbox 231 2820 339 2899; x_wconf 84' lang='lat' dir='ltr'>Quare</span> <span class='ocrx_word' id='word_1_180' title='bbox 363 2826 504 2904; x_wconf 87' lang='lat' dir='ltr'>excepta</span> <span class='ocrx_word' id='word_1_181' title='bbox 526 2821 703 2903; x_wconf 83' lang='lat' dir='ltr'>negatione</span> <span class='ocrx_word' id='word_1_182' title='bbox 727 2820 892 2904; x_wconf 85' lang='lat' dir='ltr'>exempla,</span> <span class='ocrx_word' id='word_1_183' title='bbox 917 2841 1000 2903; x_wconf 90' lang='lat' dir='ltr'>quae</span> <span class='ocrx_word' id='word_1_184' title='bbox 1024 2821 1205 2906; x_wconf 86' lang='lat' dir='ltr'>proferam,</span> <span class='ocrx_word' id='word_1_185' title='bbox 1228 2840 1295 2884; x_wconf 90' lang='lat' dir='ltr'>non</span> <span class='ocrx_word' id='word_1_186' title='bbox 1317 2821 1366 2884; x_wconf 89' lang='lat' dir='ltr'>ita</span> 
     </span>
     <span class='ocr_line' id='line_1_25' title="bbox 230 2921 1365 3007; baseline -0.005 -16"><span class='ocrx_word' id='word_1_187' title='bbox 230 2925 315 2991; x_wconf 85' lang='lat' dir='ltr'>mire</span> <span class='ocrx_word' id='word_1_188' title='bbox 341 2925 553 2988; x_wconf 87' lang='lat' dir='ltr'>videbuntur:</span> <span class='ocrx_word' id='word_1_189' title='bbox 588 2942 618 2988; x_wconf 87' lang='lat' dir='ltr'>e.</span> <span class='ocrx_word' id='word_1_190' title='bbox 641 2923 678 2986; x_wconf 93' lang='lat' dir='ltr'>P.</span> <span class='ocrx_word' id='word_1_191' title='bbox 700 2924 726 2988; x_wconf 93' lang='lat' dir='ltr'>I.</span> <span class='ocrx_word' id='word_1_192' title='bbox 752 2923 787 3005; x_wconf 84' lang='lat'>9,</span> <span class='ocrx_word' id='word_1_193' title='bbox 822 2921 865 2986; x_wconf 82' lang='lat'>24</span> <span class='ocrx_word' id='word_1_194' title='bbox 888 2924 963 2989; x_wconf 90' lang='lat' dir='ltr'>vive</span> <span class='ocrx_word' id='word_1_195' title='bbox 996 2942 1057 2988; x_wconf 88' lang='lat' dir='ltr'>neo</span> <span class='ocrx_word' id='word_1_196' title='bbox 1084 2923 1213 3007; x_wconf 79' lang='lat' dir='ltr'>ignosci</span> <span class='ocrx_word' id='word_1_197' title='bbox 1240 2929 1276 2987; x_wconf 89' lang='lat' dir='ltr'>tu</span> <span class='ocrx_word' id='word_1_198' title='bbox 1303 2923 1365 2986; x_wconf 92' lang='lat' dir='ltr'>tibi</span> 
     </span>
     <span class='ocr_line' id='line_1_26' title="bbox 233 3024 1367 3110; baseline 0 -20"><span class='ocrx_word' id='word_1_199' title='bbox 233 3046 335 3109; x_wconf 91' lang='lat' dir='ltr'>posse</span> <span class='ocrx_word' id='word_1_200' title='bbox 358 3045 456 3108; x_wconf 88' lang='lat' dir='ltr'>nega.</span> <span class='ocrx_word' id='word_1_201' title='bbox 479 3025 522 3090; x_wconf 92' lang='lat' dir='ltr'>II.</span> <span class='ocrx_word' id='word_1_202' title='bbox 545 3025 576 3106; x_wconf 82' lang='lat'>2,</span> <span class='ocrx_word' id='word_1_203' title='bbox 602 3024 621 3088; x_wconf 81' lang='lat'>7</span> <span class='ocrx_word' id='word_1_204' title='bbox 643 3026 780 3110; x_wconf 88' lang='lat' dir='ltr'>perlege</span> <span class='ocrx_word' id='word_1_205' title='bbox 801 3045 863 3090; x_wconf 90' lang='lat' dir='ltr'>nec</span> <span class='ocrx_word' id='word_1_206' title='bbox 878 3027 993 3110; x_wconf 87' lang='lat' dir='ltr'>relega</span> <span class='ocrx_word' id='word_1_207' title='bbox 1014 3024 1044 3107; x_wconf 81' lang='lat'>2,</span> <span class='ocrx_word' id='word_1_208' title='bbox 1068 3024 1109 3089; x_wconf 81' lang='lat'>37</span> <span class='ocrx_word' id='word_1_209' title='bbox 1133 3027 1232 3090; x_wconf 85' lang='lat' dir='ltr'>da—</span> <span class='ocrx_word' id='word_1_210' title='bbox 1246 3045 1308 3090; x_wconf 87' lang='lat' dir='ltr'>neo</span> <span class='ocrx_word' id='word_1_211' title='bbox 1323 3063 1367 3072; x_wconf 91' lang='lat'><strong>—</strong></span> 
     </span>
     <span class='ocr_line' id='line_1_27' title="bbox 235 3126 1266 3212; baseline -0.002 -18"><span class='ocrx_word' id='word_1_212' title='bbox 235 3129 321 3194; x_wconf 81' lang='lat' dir='ltr'>abde</span> <span class='ocrx_word' id='word_1_213' title='bbox 347 3128 453 3194; x_wconf 87' lang='lat' dir='ltr'>forem</span> <span class='ocrx_word' id='word_1_214' title='bbox 472 3127 532 3194; x_wconf 87' lang='lat' dir='ltr'>IV.</span> <span class='ocrx_word' id='word_1_215' title='bbox 558 3127 607 3209; x_wconf 88' lang='grc'>16,</span> <span class='ocrx_word' id='word_1_216' title='bbox 629 3126 671 3192; x_wconf 89' lang='grc'>48</span> <span class='ocrx_word' id='word_1_217' title='bbox 693 3127 809 3192; x_wconf 90' lang='lat' dir='ltr'>desine</span> <span class='ocrx_word' id='word_1_218' title='bbox 828 3147 893 3192; x_wconf 88' lang='lat' dir='ltr'>neu</span> <span class='ocrx_word' id='word_1_219' title='bbox 915 3128 1047 3196; x_wconf 86' lang='lat' dir='ltr'>cineres</span> <span class='ocrx_word' id='word_1_220' title='bbox 1067 3148 1200 3212; x_wconf 87' lang='lat' dir='ltr'>sparge.</span> <span class='ocrx_word' id='word_1_221' title='bbox 1225 3165 1266 3175; x_wconf 90' lang='lat'>-</span> 
     </span>
     <span class='ocr_line' id='line_1_28' title="bbox 231 3229 1365 3314; baseline 0.001 -20"><span class='ocrx_word' id='word_1_222' title='bbox 231 3229 284 3294; x_wconf 88' lang='lat' dir='ltr'>illi</span> <span class='ocrx_word' id='word_1_223' title='bbox 312 3251 393 3296; x_wconf 90' lang='lat' dir='ltr'>sane</span> <span class='ocrx_word' id='word_1_224' title='bbox 425 3231 493 3294; x_wconf 88' lang='lat' dir='ltr'>loci</span> <span class='ocrx_word' id='word_1_225' title='bbox 523 3229 662 3294; x_wconf 87' lang='lat' dir='ltr'>notandi</span> <span class='ocrx_word' id='word_1_226' title='bbox 690 3236 774 3310; x_wconf 88' lang='lat' dir='ltr'>sunt,</span> <span class='ocrx_word' id='word_1_227' title='bbox 809 3229 926 3312; x_wconf 86' lang='lat' dir='ltr'>quibus</span> <span class='ocrx_word' id='word_1_228' title='bbox 957 3229 1047 3294; x_wconf 85' lang='lat' dir='ltr'>nullo</span> <span class='ocrx_word' id='word_1_229' title='bbox 1077 3229 1142 3294; x_wconf 85' lang='lat' dir='ltr'>alio</span> <span class='ocrx_word' id='word_1_230' title='bbox 1168 3229 1365 3314; x_wconf 89' lang='lat' dir='ltr'>imperativo</span> 
     </span>
     <span class='ocr_line' id='line_1_29' title="bbox 232 3331 1365 3417; baseline 0 -21"><span class='ocrx_word' id='word_1_231' title='bbox 232 3331 456 3416; x_wconf 84' lang='lat' dir='ltr'>praecedente</span> <span class='ocrx_word' id='word_1_232' title='bbox 485 3332 700 3416; x_wconf 85' lang='lat' dir='ltr'>imperativus</span> <span class='ocrx_word' id='word_1_233' title='bbox 723 3350 795 3396; x_wconf 90' lang='lat' dir='ltr'>oum</span> <span class='ocrx_word' id='word_1_234' title='bbox 817 3332 994 3416; x_wconf 88' lang='lat' dir='ltr'>negatione</span> <span class='ocrx_word' id='word_1_235' title='bbox 1018 3332 1210 3417; x_wconf 86' lang='lat' dir='ltr'>conjunctus</span> <span class='ocrx_word' id='word_1_236' title='bbox 1232 3332 1365 3416; x_wconf 85' lang='lat' dir='ltr'>legitur,</span> 
     </span>
     <span class='ocr_line' id='line_1_30' title="bbox 232 3434 1363 3518; baseline 0.004 -20"><span class='ocrx_word' id='word_1_237' title='bbox 232 3442 267 3498; x_wconf 88' lang='lat' dir='ltr'>ut</span> <span class='ocrx_word' id='word_1_238' title='bbox 289 3454 318 3500; x_wconf 87' lang='lat' dir='ltr'>e.</span> <span class='ocrx_word' id='word_1_239' title='bbox 337 3435 375 3498; x_wconf 89' lang='lat' dir='ltr'>P.</span> <span class='ocrx_word' id='word_1_240' title='bbox 393 3434 454 3501; x_wconf 91' lang='grc' dir='ltr'>ΠΙ.</span> <span class='ocrx_word' id='word_1_241' title='bbox 480 3436 509 3518; x_wconf 91' lang='grc'><strong>1,</strong></span> <span class='ocrx_word' id='word_1_242' title='bbox 534 3434 594 3499; x_wconf 80' lang='grc'><strong>141</strong></span> <span class='ocrx_word' id='word_1_243' title='bbox 608 3455 671 3500; x_wconf 89' lang='lat' dir='ltr'>nec</span> <span class='ocrx_word' id='word_1_244' title='bbox 693 3434 815 3499; x_wconf 80' lang='lat' dir='ltr'>iactum</span> <span class='ocrx_word' id='word_1_245' title='bbox 839 3434 981 3499; x_wconf 91' lang='lat' dir='ltr'>defende</span> <span class='ocrx_word' id='word_1_246' title='bbox 1000 3455 1117 3500; x_wconf 86' lang='lat' dir='ltr'>meum.</span> <span class='ocrx_word' id='word_1_247' title='bbox 1139 3435 1195 3498; x_wconf 87' lang='lat' dir='ltr'>Tr.</span> <span class='ocrx_word' id='word_1_248' title='bbox 1214 3435 1242 3500; x_wconf 93' lang='grc' dir='ltr'>Ι.</span> <span class='ocrx_word' id='word_1_249' title='bbox 1267 3437 1295 3518; x_wconf 88' lang='grc'><strong>1,</strong></span> <span class='ocrx_word' id='word_1_250' title='bbox 1319 3435 1363 3502; x_wconf 82' lang='lat'>59</span> 
     </span>
     <span class='ocr_line' id='line_1_31' title="bbox 230 3534 1364 3620; baseline 0.001 -17"><span class='ocrx_word' id='word_1_251' title='bbox 230 3556 293 3603; x_wconf 88' lang='lat' dir='ltr'>nec</span> <span class='ocrx_word' id='word_1_252' title='bbox 315 3543 348 3600; x_wconf 90' lang='lat' dir='ltr'>te</span> <span class='ocrx_word' id='word_1_253' title='bbox 371 3571 415 3584; x_wconf 93' lang='lat'><em>-</em></span> <span class='ocrx_word' id='word_1_254' title='bbox 436 3542 516 3620; x_wconf 87' lang='lat' dir='ltr'>puta</span> <span class='ocrx_word' id='word_1_255' title='bbox 537 3538 581 3603; x_wconf 97' lang='grc' dir='ltr'>ΙΙ.</span> <span class='ocrx_word' id='word_1_256' title='bbox 610 3537 669 3604; x_wconf 89' lang='grc'>181</span> <span class='ocrx_word' id='word_1_257' title='bbox 694 3557 756 3602; x_wconf 87' lang='lat' dir='ltr'>neo</span> <span class='ocrx_word' id='word_1_258' title='bbox 781 3537 950 3602; x_wconf 88' lang='lat' dir='ltr'>immemor</span> <span class='ocrx_word' id='word_1_259' title='bbox 971 3534 1051 3602; x_wconf 89' lang='lat' dir='ltr'>tolle</span> <span class='ocrx_word' id='word_1_260' title='bbox 1079 3536 1140 3600; x_wconf 85' lang='lat'>111.</span> <span class='ocrx_word' id='word_1_261' title='bbox 1169 3538 1202 3618; x_wconf 94' lang='lat' dir='ltr'>l,</span> <span class='ocrx_word' id='word_1_262' title='bbox 1230 3536 1251 3600; x_wconf 87' lang='lat'><strong>3</strong></span> <span class='ocrx_word' id='word_1_263' title='bbox 1279 3557 1364 3604; x_wconf 89' lang='lat' dir='ltr'>neve</span> 
     </span>
     <span class='ocr_line' id='line_1_32' title="bbox 230 3636 1340 3724; baseline 0.003 -21"><span class='ocrx_word' id='word_1_264' title='bbox 230 3638 410 3704; x_wconf 79' lang='lat' dir='ltr'>reformida</span> <span class='ocrx_word' id='word_1_265' title='bbox 429 3638 461 3722; x_wconf 84' lang='lat'>4,</span> <span class='ocrx_word' id='word_1_266' title='bbox 486 3636 526 3704; x_wconf 81' lang='grc'>16</span> <span class='ocrx_word' id='word_1_267' title='bbox 548 3659 633 3705; x_wconf 91' lang='lat' dir='ltr'>neve</span> <span class='ocrx_word' id='word_1_268' title='bbox 657 3645 778 3724; x_wconf 87' lang='lat' dir='ltr'>negate</span> <span class='ocrx_word' id='word_1_269' title='bbox 800 3641 860 3707; x_wconf 89' lang='lat' dir='ltr'>IV.</span> <span class='ocrx_word' id='word_1_270' title='bbox 881 3639 913 3722; x_wconf 85' lang='lat'>4,</span> <span class='ocrx_word' id='word_1_271' title='bbox 935 3638 976 3703; x_wconf 87' lang='lat'>41</span> <span class='ocrx_word' id='word_1_272' title='bbox 999 3659 1084 3705; x_wconf 89' lang='lat' dir='ltr'>neve</span> <span class='ocrx_word' id='word_1_273' title='bbox 1107 3639 1277 3724; x_wconf 80' lang='lat' dir='ltr'>rumpe.⁸⁹)</span> <span class='ocrx_word' id='word_1_274' title='bbox 1298 3677 1340 3688; x_wconf 87' lang='lat'>-</span> 
     </span>
    </p>
   </div>
   <div class='ocr_carea' id='block_1_5' title="bbox 318 3893 1341 4068">
    <p class='ocr_par' dir='ltr' id='par_1_11' title="bbox 318 3893 1341 4068">
     <span class='ocr_line' id='line_1_33' title="bbox 318 3893 1341 4068; baseline -0.002 -109"><span class='ocrx_word' id='word_1_275' title='bbox 318 3895 358 4068; x_wconf 45' lang='grc' dir='ltr'>ἐξ</span> <span class='ocrx_word' id='word_1_276' title='bbox 379 3895 467 3962; x_wconf 84' lang='lat' dir='ltr'>Vide</span> <span class='ocrx_word' id='word_1_277' title='bbox 489 3895 600 3960; x_wconf 82' lang='lat' dir='ltr'>Madv.</span> <span class='ocrx_word' id='word_1_278' title='bbox 623 3895 698 3960; x_wconf 86' lang='lat' dir='ltr'>Lat.</span> <span class='ocrx_word' id='word_1_279' title='bbox 717 3893 795 3980; x_wconf 84' lang='lat' dir='ltr'>Spr.</span> <span class='ocrx_word' id='word_1_280' title='bbox 819 3895 846 3982; x_wconf 63' lang='grc' dir='ltr'>Ξ.</span> <span class='ocrx_word' id='word_1_281' title='bbox 871 3895 947 3962; x_wconf 83' lang='grc'><strong>462.</strong></span> <span class='ocrx_word' id='word_1_282' title='bbox 974 3897 1004 3962; x_wconf 92' lang='lat' dir='ltr'>d.</span> <span class='ocrx_word' id='word_1_283' title='bbox 1026 3895 1054 3982; x_wconf 68' lang='grc' dir='ltr'>Ξ.</span> <span class='ocrx_word' id='word_1_284' title='bbox 1073 3895 1148 3962; x_wconf 88' lang='grc'>463.</span> <span class='ocrx_word' id='word_1_285' title='bbox 1172 3897 1235 3961; x_wconf 88' lang='lat' dir='ltr'>An.</span> <span class='ocrx_word' id='word_1_286' title='bbox 1258 3894 1289 3978; x_wconf 78' lang='grc'>2,</span> <span class='ocrx_word' id='word_1_287' title='bbox 1309 3894 1341 3958; x_wconf 90' lang='grc'>6.</span> 
     </span>
    </p>
   </div>
   <div class='ocr_carea' id='block_1_6' title="bbox 229 3979 1364 4325">
    <p class='ocr_par' dir='ltr' id='par_1_12' title="bbox 380 3979 870 4065">
     <span class='ocr_line' id='line_1_34' title="bbox 380 3979 870 4065; baseline 0.012 -19"><span class='ocrx_word' id='word_1_288' title='bbox 380 3982 423 4046; x_wconf 89' lang='lat' dir='ltr'>ad</span> <span class='ocrx_word' id='word_1_289' title='bbox 446 3983 550 4065; x_wconf 84' lang='lat' dir='ltr'>Verg.</span> <span class='ocrx_word' id='word_1_290' title='bbox 576 3982 636 4047; x_wconf 85' lang='lat' dir='ltr'>VI.</span> <span class='ocrx_word' id='word_1_291' title='bbox 660 3979 734 4046; x_wconf 81' lang='lat'>544.</span> <span class='ocrx_word' id='word_1_292' title='bbox 868 4045 870 4052; x_wconf 93' lang='lat'><strong>.</strong></span> 
     </span>
    </p>

    <p class='ocr_par' dir='ltr' id='par_1_13' title="bbox 318 4065 951 4152">
     <span class='ocr_line' id='line_1_35' title="bbox 318 4065 951 4152; baseline -0.008 -19"><span class='ocrx_word' id='word_1_293' title='bbox 318 4066 407 4152; x_wconf 63' lang='grc'><strong>1816.</strong></span> <span class='ocrx_word' id='word_1_294' title='bbox 429 4065 503 4133; x_wconf 84' lang='lat'><strong>333.</strong></span> <span class='ocrx_word' id='word_1_295' title='bbox 526 4088 558 4151; x_wconf 83' lang='lat' dir='ltr'>p.</span> <span class='ocrx_word' id='word_1_296' title='bbox 582 4066 656 4132; x_wconf 78' lang='lat'><strong>607.</strong></span> <span class='ocrx_word' id='word_1_297' title='bbox 946 4142 951 4146; x_wconf 86' lang='lat'><strong>.</strong></span> 
     </span>
    </p>

    <p class='ocr_par' dir='ltr' id='par_1_14' title="bbox 229 4150 1364 4325">
     <span class='ocr_line' id='line_1_36' title="bbox 316 4150 1363 4239; baseline -0.002 -23"><span class='ocrx_word' id='word_1_298' title='bbox 316 4151 357 4239; x_wconf 76' lang='lat'>⁸⁹]</span> <span class='ocrx_word' id='word_1_299' title='bbox 379 4151 533 4218; x_wconf 88' lang='lat' dir='ltr'>Merkelii</span> <span class='ocrx_word' id='word_1_300' title='bbox 554 4153 786 4218; x_wconf 87' lang='lat' dir='ltr'>auctoritatem</span> <span class='ocrx_word' id='word_1_301' title='bbox 814 4158 945 4219; x_wconf 88' lang='lat' dir='ltr'>secutus</span> <span class='ocrx_word' id='word_1_302' title='bbox 976 4173 1055 4217; x_wconf 88' lang='lat' dir='ltr'>sum.</span> <span class='ocrx_word' id='word_1_303' title='bbox 1100 4151 1217 4216; x_wconf 88' lang='lat' dir='ltr'>Heins.</span> <span class='ocrx_word' id='word_1_304' title='bbox 1242 4150 1363 4215; x_wconf 91' lang='lat' dir='ltr'>edidit:</span> 
     </span>
     <span class='ocr_line' id='line_1_37' title="bbox 229 4235 1364 4325; baseline -0.002 -21"><span class='ocrx_word' id='word_1_305' title='bbox 229 4261 336 4325; x_wconf 86' lang='lat' dir='ltr'>„neve</span> <span class='ocrx_word' id='word_1_306' title='bbox 349 4239 532 4322; x_wconf 88' lang='lat' dir='ltr'>rumpam“;</span> <span class='ocrx_word' id='word_1_307' title='bbox 557 4240 646 4324; x_wconf 90' lang='lat' dir='ltr'>quod</span> <span class='ocrx_word' id='word_1_308' title='bbox 667 4259 734 4306; x_wconf 90' lang='lat' dir='ltr'>non</span> <span class='ocrx_word' id='word_1_309' title='bbox 757 4240 931 4309; x_wconf 86' lang='lat' dir='ltr'>invenuste</span> <span class='ocrx_word' id='word_1_310' title='bbox 948 4239 1069 4312; x_wconf 83' lang='lat' dir='ltr'>dictum</span> <span class='ocrx_word' id='word_1_311' title='bbox 1091 4245 1167 4306; x_wconf 82' lang='lat' dir='ltr'>esse</span> <span class='ocrx_word' id='word_1_312' title='bbox 1182 4235 1364 4304; x_wconf 85' lang='lat' dir='ltr'>Merkelius</span> 
     </span>
    </p>
   </div>
   <div class='ocr_carea' id='block_1_7' title="bbox 230 4325 497 4410">
    <p class='ocr_par' dir='ltr' id='par_1_15' title="bbox 230 4325 497 4410">
     <span class='ocr_line' id='line_1_38' title="bbox 230 4325 497 4410; baseline -0.019 -16"><span class='ocrx_word' id='word_1_313' title='bbox 230 4328 273 4394; x_wconf 71' lang='lat' dir='ltr'>aa</span> <span class='ocrx_word' id='word_1_314' title='bbox 293 4326 325 4392; x_wconf 82' lang='lat' dir='ltr'>n.</span> <span class='ocrx_word' id='word_1_315' title='bbox 347 4325 370 4390; x_wconf 91' lang='lat'>1.</span> <span class='ocrx_word' id='word_1_316' title='bbox 390 4329 497 4410; x_wconf 72' lang='lat' dir='ltr'>puae.</span> 
     </span>
    </p>
   </div>
   <div class='ocr_carea' id='block_1_8' title="bbox 0 0 1462 4808">
    <p class='ocr_par' dir='ltr' id='par_1_16' title="bbox 0 0 1462 4808">
     <span class='ocr_line' id='line_1_39' title="bbox 0 0 1462 4808; baseline 0 0"><span class='ocrx_word' id='word_1_317' title='bbox 0 0 1462 4808; x_wconf 95' lang='lat' dir='ltr'> </span> 
     </span>
    </p>
   </div>
  </div>
 </body>
</html>
