2914 4808
66 1267 197 1397 Quum
226 1343 339 1388 omnes
372 1322 513 1386 omnium
544 1327 727 1406 temporum
757 1327 876 1407 poetae
907 1342 929 1386 a
954 1321 1094 1387 vinculis
1127 1341 1198 1387 oru-

65 1426 170 1492 tiouis
193 1445 323 1508 prosae,
346 1426 464 1507 'quibus
491 1425 642 1490 adstricti
663 1432 747 1507 sunt,
770 1443 808 1489 se
828 1423 973 1489 liberare
995 1425 1199 1506 studuerunt,

64 1536 138 1594 tum
160 1534 280 1611 poetae
303 1527 398 1592 latini
419 1528 617 1611 praesertim
642 1548 738 1610 quum
760 1527 890 1610 graecis
913 1527 1033 1592 litteris
1054 1526 1199 1608 aliquun-

65 1637 140 1694 tum
162 1631 318 1696 momenti
344 1631 445 1706 tribui
469 1637 619 1713 coeptum
641 1637 741 1710 esset,
765 1631 807 1693 ab
831 1649 892 1694 usu
913 1629 1045 1712 vulgari
1065 1629 1101 1692 in
1131 1647 1199 1692 osr-

67 1733 212 1798 minibus
234 1733 396 1798 feeiendis
418 1733 576 1798 recedere
594 1733 703 1798 conati
718 1730 858 1798 maxima
874 1751 945 1797 cum
959 1730 1105 1795 ‘utilitate
1124 1750 1200 1814 poe·

64 1835 117 1901 sis
140 1833 204 1901 hoc
223 1835 328 1920 megia
352 1834 520 1920 magisque
536 1836 799 1920 adsumpserunt:
824 1854 926 1918 quaro
942 1830 1072 1902 minine
1087 1832 1201 1900 mirum

67 1937 213 2021 videtur,
238 1938 325 2022 quod
348 1957 390 2002 ex
411 1935 473 2003 hac
494 1939 626 2024 poetica
646 1937 782 2002 licentia
804 1957 871 2002 non
894 1936 999 2003 solum
1019 1941 1202 2022 praecepte

68 2041 358 2124 grammaticorum
385 2061 452 2106 nou
478 2043 674 2126 observare,
702 2040 763 2107 sed
786 2040 885 2106 etiarn
910 2039 1058 2106 Graecos
1079 2037 1202 2105 imitari

68 2150 193 2227 poetae
212 2144 351 2210 maxime
375 2142 430 2227 qui
450 2145 654 2229 temporibus
677 2132 819 2228 Augusti
840 2144 1003 2226 vixerunt,
1026 2135 1097 2208 ausi
1115 2148 1209 2210 sunt..

69 2247 152 2324 Quis
176 2247 272 2330 enim,
296 2245 350 2329 qui
372 2247 483 2313 Ovidii
507 2248 652 2313 carmina
675 2247 832 2312 attentius
855 2246 1048 2330 perlegerit,
1072 2266 1145 2310 eum
1167 2246 1202 2308 in

67 2349 246 2421 nectendo
269 2369 419 2414 sermone
434 2351 570 2416 liberius
586 2356 752 2418 versatum
767 2355 883 2415 contra
896 2369 1065 2414 romonum
1079 2369 1202 2413 morem

71 2451 222 2517 Graecos
255 2473 351 2533 quum
381 2453 489 2516 multis
516 2453 549 2516 iu
579 2453 652 2517 aiiis
683 2453 782 2518 rebus
810 2457 878 2516 tum
903 2452 938 2514 in
965 2451 1201 2516 connectendis

71 2554 359 2620 enunciaticuibus
376 2555 536 2619 imitatum
554 2575 628 2620 osse
644 2554 771 2619 nescit?
807 2554 1007 2636 Quamquam
1023 2574 1043 2617 a
1058 2553 1166 2617 multis
1178 2551 1201 2636 ¹)

71 2656 287 2738 quaestiones
301 2657 342 2720 de
355 2662 526 2740 poetarum
536 2657 713 2722 latinorum
724 2657 855 2740 syntaxi
862 2656 933 2739 jam
944 2661 1107 2720 tractatae
1118 2660 1201 2736 sunt,

69 2759 238 2824 neminem
261 2759 346 2840 seio,
371 2760 425 2842 qui
448 2779 542 2824 omne
567 2759 707 2825 studium
729 2759 879 2843 posuerit
900 2759 934 2822 in
957 2758 1069 2824 Ovidii
1092 2763 1201 2841 synta-

71 2860 159 2926 ctico
177 2881 236 2925 usu
251 2863 494 2943 cognoscendo.
530 2862 633 2940 Quum
654 2862 755 2946 igitur
775 2879 898 2945 operae
922 2860 1063 2943 pretium
1083 2879 1134 2924 me
1157 2859 1202 2922 fa·

70 2966 200 3026 comum
213 2981 289 3030 esse
305 2962 458 3045 arbitrer,
472 2983 561 3028 nunc
577 2961 656 3032 mihi
673 2965 774 3034 licent
788 2963 967 3042 illustrare,
989 2961 1068 3044 quid
1084 2960 1203 3025 Ouidio

72 3064 108 3127 in
131 3064 340 3146 carminibus,
364 3084 447 3146 quae
468 3065 504 3128 in
527 3064 626 3129 exilio
650 3064 846 3148 composuit,
874 3064 1043 3147 proprium
1067 3063 1120 3126 sit.
1164 3063 1204 3129 In

73 3185 140 3247 quo
162 3185 248 3242 nea
267 3165 441 3247 divisione,
465 3186 560 3248 quern
577 3166 781 3250 grammatici
796 3166 1017 3246 instituerunt,
1039 3164 1203 3246 recedam,

74 3267 213 3349 primum
236 3251 278 3332 de
301 3287 361 3332 usu
384 3268 527 3352 generis,
552 3267 687 3347 numeri,
711 3251 885 3350 personae,
907 3272 975 3330 tum
997 3266 1039 3330 de
1062 3266 1204 3346 casibus,

74 3374 143 3432 ium
162 3369 204 3434 de
225 3369 428 3453 temporibus
451 3369 555 3450 verbi,
579 3368 699 3432 deinde
722 3369 902 3434 doceberis
925 3368 1085 3433 orationis
1104 3367 1204 3451 parti-

75 3472 148 3552 bus,
171 3470 206 3533 id
229 3475 281 3534 est
303 3471 344 3537 de
370 3471 628 3555 pronominibus,
652 3471 836 3553 adjectivis,
860 3471 1039 3550 adverbiis,
1063 3470 1204 3550 denique

77 3572 118 3635 de
134 3570 352 3636 cossocatione
368 3575 553 3654 uerborum,
570 3577 738 3657 postremo
753 3571 796 3636 dc
811 3573 928 3652 modis,
949 3573 977 3636 si
993 3571 1070 3653 quid
1085 3576 1205 3654 poetae

75 3673 244 3756 peculiare
268 3674 321 3756 sit,
343 3657 566 3758 quaeiendum
585 3674 663 3738 mihi
684 3675 760 3738 erit.

78 3812 285 3826 m-

170 3877 194 3963 ¹)
217 3885 253 3944 ut
275 3879 483 3961 aMerquot:
507 3879 558 3942 De
580 3898 642 3942 usu
663 3876 847 3961 syntectico
869 3876 1021 3940 infinitivi
1034 3875 1128 3938 latini
1143 3895 1207 3938 ma·

78 3964 164 4028 xime
189 3964 337 4049 postium
373 3966 415 4029 ab
442 3965 564 4029 Ottone
596 3963 637 4027 de
665 3962 838 4028 Gelenski:
873 3961 916 4026 de
941 3961 1095 4029 infinitivi
1119 3960 1208 4044 apud

78 4056 196 4131 poetas
218 4049 339 4114 latinos
361 4069 434 4131 usu;
468 4069 488 4112 a
510 4048 651 4113 Kiibler:
687 4048 728 4112 de
750 4047 911 4112 infinitivo
936 4047 1024 4130 apud
1045 4045 1206 4122 Romano·

79 4153 151 4198 rum
172 4140 290 4217 poetas
316 4155 336 4199 a
357 4135 541 4203 nominibus
565 4140 655 4220 apto.

545 4338 751 4350 *-
