2914 4808
621 247 665 311 25

161 444 228 506 rix
250 457 279 502 e.
296 437 334 502 P.
357 437 379 500 l.
402 438 431 512 2,
458 434 498 498 14
520 434 575 517 qui
597 454 732 518 possum
751 436 807 500 vix
829 436 986 520 gravima
1004 435 1076 519 pati
1089 471 1133 482 --
1146 453 1208 518 pro

66 546 154 627 „vix
175 559 309 628 possum
330 538 487 622 graviora
509 538 602 621 pati“

162 663 296 737 parum
326 661 355 706 e.
377 640 416 705 P.
442 639 503 705 III.
527 641 561 722 6,
591 640 612 706 3
638 646 673 705 at
694 641 723 705 si
750 647 848 706 cauta
875 662 991 726 parum
1020 639 1211 724 scripsisset

69 753 198 814 dextra
220 783 259 794 -
283 781 324 792 -
346 763 406 828 pro
430 749 486 825 „at
507 743 536 807 si
559 762 675 826 parum
695 747 811 808 (ιιιιιιιι

163 850 322 915 nimium
341 847 396 910 Tr.
413 845 455 910 Π.
476 846 537 912 180
551 847 616 912 heu
637 848 795 912 nimium
815 849 936 913 misero
960 847 1122 930 cognitu
1142 843 1212 910 telo.

70 955 157 1020 mihi
178 953 238 1017 IV.
263 950 291 1032 1,
315 947 358 1014 86
380 948 443 1014 heu
465 950 620 1014 nimium
643 949 704 1015 fati
725 957 877 1034 tempora
897 951 1007 1015 lenta
1028 949 1153 1014 mei-
1167 981 1211 994 -«

72 1077 141 1142 pro
164 1054 316 1139 „nimium
340 1053 483 1136 cognita,
506 1074 538 1117 n.
559 1053 682 1131 lenta,“

164 1177 314 1241 quoque
337 1157 393 1221 Tr.
418 1155 461 1219 Π.
486 1154 522 1217 tt
549 1161 670 1220 motam
696 1175 824 1238 quoqne
850 1156 954 1220 leniet
979 1155 1126 1218 iram-
1148 1172 1211 1237 pro

77 1263 205 1344 „leniet
223 1261 373 1344 quoque“
408 1257 495 1340 quod
519 1278 560 1324 ex
581 1260 711 1324 ratione
740 1258 877 1322 metrica
903 1256 968 1321 dici
998 1276 1065 1321 non
1093 1255 1210 1339 potuit.

74 1366 103 1428 Ι.
117 1363 151 1446 3,
173 1363 216 1429 39
237 1382 368 1447 poenae
391 1379 519 1445 quoque
536 1363 658 1426 sentiat
679 1368 795 1427 auctor
812 1380 875 1445 pro
898 1364 1034 1444 ‚auctor
1057 1359 1209 1442 quoque“

165 1483 286 1547 usque
308 1466 365 1530 Pr.
381 1466 423 1530 V.
444 1465 475 1547 3,
498 1465 540 1528 21
564 1465 731 1548 adusque
755 1465 904 1530 nivosum
925 1499 968 1510 -
990 1481 1116 1546 -pro
1139 1481 1209 1543 „us-

81 1586 148 1652 que
169 1568 212 1632 ad
232 1568 414 1633 nivosum.“

166 1670 236 1736 Nec
259 1687 444 1755 pronomen
464 1669 978 1754 quisque-praetermittendum
1001 1674 1067 1750 est,
1090 1667 1212 1751 quippe

78 1774 169 1858 quod
186 1773 261 1838 loco
276 1777 400 1838 mutato
421 1770 510 1838 haud
532 1793 609 1839 raro
625 1774 713 1858 apud
728 1773 880 1839 Ovidium
899 1771 1070 1853 vocabula,
1094 1770 1211 1854 quibus

78 1875 344 1960 postponendum
367 1882 449 1960 erat,
470 1877 662 1961 praecedat,
684 1877 788 1940 uthis
812 1876 971 1960 exemplis
986 1873 1211 1957 cognoscitur:

80 1999 109 2044 e.
134 1979 171 2044 P.
193 1980 220 2045 1.
242 1978 277 2061 ὅ,
301 1979 344 2045 35
366 1979 504 2063 cupidus
527 1980 708 2044 studiorum
731 1979 868 2062 quisque
892 1996 1026 2055 suorum
1044 1976 1088 2042 Il.
1111 1976 1147 2059 3,
1170 1974 1210 2038 17

80 2083 219 2166 quisque
243 2102 320 2148 suos
343 2088 431 2147 amat
452 2082 487 2163 5,
511 2083 552 2148 60
574 2083 711 2164 quisque
733 2083 783 2146 sui
804 2081 847 2146 Π.
869 2081 903 2163 9,
927 2081 969 2145 36
1005 2098 1135 2162 quoque
1165 2079 1211 2143 fa-

79 2190 180 2250 vente
203 2185 269 2250 suis
293 2184 349 2250 Tr.
372 2185 432 2250 III.
455 2183 490 2266 4,
519 2184 559 2249 27
588 2185 724 2268 quisque
747 2202 880 2248 manere
911 2201 1001 2248 suum
1028 2181 1062 2264 b,
1093 2181 1132 2247 18
1154 2201 1210 2246 no·

80 2289 167 2353 mine
190 2307 348 2370 quemque
372 2303 442 2352 suc.

122 2401 124 2408 ’
168 2389 348 2472 Postquam
364 2388 601 2471 intelleximus,
626 2394 748 2472 quanta
769 2387 906 2452 licentia
929 2386 1066 2452 Ovidius
1089 2386 1125 2450 in
1147 2385 1211 2450 ccl·

79 2493 230 2557 locandis
251 2493 422 2558 vocabulis
438 2492 675 2557 enunciationis
698 2491 866 2575 simplicis,
888 2497 925 2554 ut
938 2491 985 2555 ita
1000 2489 1117 2572 dicam,
1140 2510 1212 2554 ver·

82 2601 172 2660 satus
196 2597 248 2677 sit,
271 2615 356 2660 nunc
376 2595 528 2679 exempla
549 2595 668 2659 afferre
685 2595 780 2658 nobis
794 2593 904 2675 liceat,
927 2594 962 2657 in
982 2593 1099 2675 quibus
1114 2592 1212 2658 eollo·

80 2700 168 2763 catio
182 2699 357 2762 verborum
371 2698 455 2764 edeo
479 2703 630 2788 contorte
650 2703 709 2779 est,
732 2703 768 2761 ut
787 2695 981 2760 vocabulum
1004 2714 1046 2759 ex
1060 2696 1206 2760 membro

81 2800 239 2885 primario
267 2800 302 2863 in
324 2802 464 2866 medium
487 2800 655 2883 adjectum
678 2800 856 2864 membrum
883 2799 928 2862 sit
955 2798 1143 2881 trajectum:
1178 2797 1214 2861 id

83 2903 172 2985 quod
194 2903 236 2967 ab
260 2923 320 2967 usu
347 2904 545 2987 scripturum
571 2903 710 2966 maxime
739 2900 920 2965 abhorrere
946 2919 1042 2965 nemo
1070 2901 1212 2983 ignorat.

82 3005 150 3070 Sed
178 3005 329 3089 exempla
351 3006 529 3071 docebuntz
565 3024 593 3069 e.
617 3005 654 3068 Ρ.
675 3004 702 3067 Ι.
727 3004 760 3085 1,
787 3003 829 3068 80
850 3002 924 3086 plus
950 3003 1032 3085 isto,
1060 3003 1148 3085 duri,
1185 3003 1214 3067 si

80 3123 215 3190 precer,
243 3109 310 3172 oris
336 3128 394 3174 ero
415 3141 458 3156 —-
480 3143 521 3154 —
543 3127 605 3191 pro
627 3106 720 3190 „plus
743 3105 808 3171 isto
839 3106 868 3170 si
888 3124 1017 3188 precer,
1043 3105 1116 3169 duri
1142 3106 1213 3169 oris

83 3211 163 3274 ero“
184 3210 212 3273 1.
232 3210 262 3292 5,
286 3209 327 3273 79
350 3211 427 3292 quid
448 3211 519 3291 tibi,
543 3210 572 3274 si
594 3208 711 3290 calida,
733 3205 850 3292 prosit,
871 3207 1008 3273 laudere
1026 3207 1135 3291 Syene
1153 3208 1214 3273 IV.

82 3312 113 3391 6,
136 3311 178 3376 79
201 3312 265 3394 qui,
289 3311 367 3394 quid
381 3312 502 3394 valeat,
523 3312 665 3395 ignoret,
689 3311 796 3375 Marte
811 3310 937 3374 forensi
951 3312 1011 3376 IV.
1030 3311 1060 3392 8,
1086 3309 1126 3374 19
1143 3310 1213 3375 sive

83 3413 177 3496 velis,
201 3413 255 3496 qni
275 3414 341 3479 sint
361 3435 479 3497 mores,
503 3415 681 3497 inquirere,
704 3413 820 3478 nostri.
852 3414 908 3477 Tr.
924 3411 968 3478 Π.
985 3411 1047 3476 273
1068 3413 1214 3493 discitur,

86 3517 245 3581 innocuas
268 3522 304 3580 ut
324 3522 413 3601 agat,
435 3517 600 3598 facundia,
621 3531 738 3580 causas
761 3514 804 3580 Π.
829 3513 892 3578 243
913 3515 1082 3580 sustulerit
1103 3533 1215 3598 quare,

89 3624 235 3701 quaeret,
251 3618 497 3685 Erichthonium
513 3619 572 3684 IV.
588 3619 616 3701 I,
628 3617 670 3683 89
687 3617 745 3683 sed
760 3637 877 3699 neque,
893 3617 944 3681 oui
959 3617 1105 3702 recitem,
1128 3618 1214 3701 quis·

85 3737 180 3804 quam
204 3728 265 3805 eet,
288 3741 362 3789 mea
380 3722 525 3788 carmina
547 3721 607 3786 ΙΙΙ.
631 3721 661 3802 6,
684 3719 736 3801 21,
760 3719 811 3787 23.
832 3719 892 3784 IV.
915 3718 945 3802 5,
968 3719 1020 3785 23.
1040 3720 1070 3802 6,
1092 3720 1123 3785 9.

400 4013 428 4102 ξ.
451 4013 482 4079 6.
528 4015 581 4078 lle
603 4011 801 4078 modorum
822 4030 905 4078 usu.
976 4013 983 4025 “

463 4134 491 4198 1.
524 4133 578 4198 De
607 4131 839 4197 indicativo.

170 4235 289 4301 Modus
311 4235 483 4301 indicativi
505 4235 585 4300 nihil
610 4235 700 4300 aliud
721 4235 786 4299 nisi
812 4234 988 4316 quidesse
1012 4238 1068 4298 aut
1093 4233 1216 4297 factum

87 4353 161 4406 esse
180 4337 359 4423 significat:
384 4344 495 4406 tamer
517 4339 602 4404 duae
624 4337 829 4423 potissimum
849 4336 1108 4423 conjunctiones,
1131 4353 1171 4394 c*
