2914 4808
764 294 805 362 18

221 484 276 552 Sic
301 484 441 572 legimns
470 503 499 548 e.
522 485 560 552 P.
585 485 629 550 Π.
656 483 688 566 2,
717 483 757 548 11
784 501 846 549 nec
874 501 935 548 nos
960 480 1121 548 Enceladi
1153 479 1353 546 dementia

221 591 353 652 castra
375 584 640 667 saecuritate
656 585 845 669 justaque
866 583 1034 649 modiciae
1049 581 1216 668 supprime
1237 576 1354 648 irena

219 695 298 755 tuae
308 689 352 754 11.
365 685 640 769 8,40Glerrnania
651 692 728 753 ante
750 684 1352 771 triumphantes-lcraturequos
1453 713 1454 764 v

219 791 246 856 Ι.
262 790 312 872 10,
328 789 370 854 29
382 808 449 854 non
462 825 505 838 -
520 788 726 856 immodico
750 789 900 855 contraxi
913 789 1031 854 damna
1045 788 1175 872 Lyaeo
1189 788 1250 852 III.
1265 788 1296 869 6,
1308 786 1353 852 27

219 892 375 978 anpiter
388 925 429 938 -
445 892 658 956 temerario
681 891 845 958 fulmina
864 895 998 974 torquet
1009 890 1071 955 IV.
1082 888 1113 972 9,
1130 887 1192 953 132
1213 909 1354 955 nomen

220 995 313 1060 mite
335 992 494 1078 parentis.
514 994 572 1059 Tr.
590 993 617 1057 I.
639 993 670 1075 3,
693 993 732 1058 16
751 1013 813 1079 per
836 992 1019 1076 indignas
1033 1028 1072 1039 —
1085 1010 1207 1078 genas
1227 991 1270 1056 ΙΙ.
1287 991 1354 1057 989

220 1095 303 1162 fecit
324 1113 416 1160 amor
438 1093 588 1160 subitas
610 1095 877 1172 volucresIV.
903 1095 932 1175 1,
958 1093 1170 1160 wlmarus
1194 1093 1353 1159 demens

221 1195 282 1262 1v.
305 1194 335 1278 2,
358 1194 402 1262 20
422 1195 537 1280 vincla¹
553 1197 830 1280 captiva-cervice
853 1202 1018 1281 gerentes.

305 1315 544 1399 Nonnunquam
571 1305 747 1401 adjectiva,
780 1318 896 1400 quibus
924 1316 1058 1400 passiva
1085 1313 1283 1399 significatio
1303 1321 1353 1379 at·

219 1417 396 1483 tribuenda
414 1423 476 1500 eat,
495 1418 543 1482 ita
561 1419 672 1502 posita
690 1419 882 1502 invenimus,
900 1419 934 1483 in
949 1418 1065 1500 quibus
1078 1417 1136 1482 illa
1152 1417 1352 1501 significatio

221 1539 294 1586 oum
317 1520 429 1587 activa
451 1525 648 1587 commutata
669 1525 873 1606 compareat:
898 1520 991 1605 cujus
1013 1519 1063 1585 rei
1085 1519 1119 1585 in
1142 1519 1352 1602 carminibus,

223 1621 399 1707 dequibus
421 1622 540 1708 agitur,
563 1623 645 1689 haec
665 1621 816 1707 exempla
835 1621 918 1706 legi:
940 1642 968 1687 e.
984 1623 1022 1688 P.
1037 1621 1081 1688 11.
1095 1620 1126 1704 4,
1147 1621 1189 1686 23
1203 1642 1269 1686 non
1286 1642 1351 1707 ego

221 1725 252 1792 si
272 1725 405 1792 biberes
430 1744 594 1792 securae
617 1726 737 1810 pocula
757 1721 879 1790 Lethes
902 1761 941 1771 —
954 1761 1061 1805 --,
1081 1724 1137 1790 ubi
1152 1724 1353 1807 adjectivum

92 1900 97 1907 ,
221 1827 412 1911 „securus“,
442 1826 639 1910 quodcum,
669 1827 820 1910 quisine
846 1847 925 1891 cura
951 1832 1018 1908 est,
1046 1825 1232 1912 significare
1255 1827 1352 1907 solet,
1455 1842 1456 1850 ¹

220 1929 298 1996 mihi
321 1929 451 2013 quidem
474 1949 556 2010 eum,
579 1930 634 2012 qui
657 1949 752 1994 curas
775 1948 840 1995 non
864 1928 997 2010 excitat,
1020 1928 1074 2012 qui
1097 1928 1210 2010 efficit,
1233 1934 1269 1992 ut
1291 1928 1349 1993 ali·

221 2032 294 2116 quis
314 2033 388 2098 sine
410 2051 490 2096 cura
513 2031 566 2112 ait,
588 2030 736 2096 indicare
757 2031 896 2112 videtur,
920 2031 1009 2114 quod
1025 2051 1045 2095 a
1059 2036 1215 2097 contextu
1230 2031 1351 2095 oratio·

222 2133 273 2199 nis
296 2134 437 2200 activam
459 2131 732 2218 significationem
747 2132 908 2216 postulari
926 2138 1017 2217 puto.
1051 2131 1250 2216 Quamquam
1266 2152 1351 2215 quae

221 2235 263 2302 dc
285 2233 342 2302 illo
366 2235 531 2319 ausuum
554 2235 702 2316 sentiam,
729 2234 841 2300 nescio
864 2255 906 2299 an
927 2254 1008 2301 vera
1031 2235 1112 2318 sint,
1134 2240 1244 2300 tamen
1266 2257 1296 2300 v.
1320 2255 1351 2300 e.

220 2335 259 2404 P.
281 2335 325 2402 II.
349 2335 378 2419 7,
401 2337 443 2404 33
466 2356 549 2421 quae
571 2337 632 2403 tibi
655 2337 683 2402 si
704 2337 862 2402 memori
884 2357 985 2404 coner
1007 2359 1069 2423 per
1090 2337 1236 2404 scribere
1250 2357 1352 2402 versu

220 2473 264 2489 -·
277 2439 533 2523 -adjectivum
555 2441 720 2522 ,‚memor“
739 2440 804 2505 nisi
826 2440 934 2506 active
957 2442 1088 2507 omnino
1110 2459 1177 2506 non
1199 2439 1352 2524 intellegi

221 2559 321 2625 posse
342 2541 420 2606 mihi
433 2542 574 2609 videtur.
607 2542 700 2607 Idem
715 2562 735 2606 a
749 2541 883 2608 Klotzio
899 2562 1027 2627 quoque
1042 2543 1077 2608 in
1095 2543 1159 2608 lex.
1183 2543 1242 2607 snb
1266 2561 1351 2607 voce

222 2644 388 2724 „memor“
415 2642 639 2710 confirmatum
673 2644 799 2726 inveni,
832 2644 889 2709 ubi
919 2644 1013 2728 hujus
1040 2642 1289 2728 significationis
1316 2647 1353 2708 et

220 2743 287 2811 alia
310 2745 491 2831 compluria
514 2744 664 2830 exempla
685 2765 726 2810 ex
748 2743 868 2809 Ouidio
892 2745 990 2809 affert
1007 2751 1042 2812 et
1062 2751 1220 2812 nostrum.

609 2984 639 3049 2.
662 2984 717 3050 De
739 2984 963 3068 negatione.

307 3136 506 3223 Saepissime
528 3136 665 3202 Ovidius
687 3138 808 3202 abusu
828 3137 958 3222 vulgari
979 3136 1154 3203 discedens
1176 3139 1350 3222 particulis

221 3239 386 3325 negativis
412 3258 501 3322 „non
522 3239 604 3304 nec“
632 3256 693 3323 pro
716 3258 778 3320 „ne
798 3240 903 3306 neve“
926 3257 1003 3303 usus
1026 3243 1087 3320 est,
1115 3245 1151 3303 ut
1169 3241 1350 3325 praecipue

307 3360 380 3408 cum
400 3341 654 3424 imperativo:
679 3361 707 3405 e.
729 3341 767 3407 P.
788 3341 814 3407 I.
836 3341 865 3424 9,
887 3339 930 3405 24
953 3340 1026 3405 vive
1047 3359 1110 3406 nec
1133 3377 1173 3390 -
1194 3362 1282 3427 nega
1303 3344 1349 3408 H.

222 3443 253 3525 2,
277 3442 296 3507 'l
319 3442 456 3528 perlege
478 3461 540 3508 nec
560 3441 677 3525 relega
699 3442 728 3525 2,
751 3441 793 3508 37
817 3443 859 3506 da
880 3461 1000 3524 precor
1021 3477 1065 3488 —
1086 3461 1148 3508 nec
1170 3443 1255 3509 abde
1275 3445 1302 3510 1.
1318 3444 1349 3527 2,

225 3544 287 3612 109
308 3564 374 3610 non
393 3544 498 3629 petito
520 3544 581 3609 III.
607 3544 634 3626 l,
658 3544 700 3609 89
720 3564 783 3610 nec
805 3543 883 3608 mihi
906 3563 1064 3610 succense
1087 3543 1117 3625 2,
1139 3543 1199 3618 147
1218 3565 1280 3612 nec
1301 3547 1348 3610 fa·

223 3651 310 3713 ctum
333 3646 475 3714 defende
496 3646 553 3711 Tr.
576 3645 602 3710 Ι.
631 3648 658 3728 1,
680 3645 723 3712 59
744 3666 807 3712 nec
833 3652 867 3712 te
890 3645 1004 3712 venire
1028 3651 1109 3730 puta
1135 3645 1179 3712 11.
1205 3647 1262 3713 181
1287 3666 1350 3713 nac

222 3785 265 3798 -
286 3749 454 3814 immemor
474 3785 518 3796 —
539 3748 620 3813 tolle
642 3745 702 3812 IV.
725 3749 756 3831 3,
781 3748 821 3814 16
843 3768 909 3814 non
931 3746 1031 3815 refer.

308 3859 375 3918 tum
398 3871 470 3917 cum
492 3851 759 3935 conjunctivo,
789 3851 844 3934 qui
864 3849 940 3915 loco
965 3850 1190 3935 imperativi
1213 3849 1348 3916 dicitur:

221 3975 252 4021 e.
275 3953 315 4019 P.
337 3954 381 4020 H.
404 3954 435 4036 6,
464 3952 503 4018 13
527 3953 570 4018 da
595 3953 686 4018 lasso
707 3989 751 4000 -—
772 3971 833 4018 nee
857 3952 982 4036 pudeat
1002 3952 1061 4017 IV.
1088 3950 1136 4034 10,
1165 3952 1202 4016 21
1230 3972 1293 4018 nec
1313 3958 1350 4018 tu

223 4055 401 4122 contuleris
424 4056 480 4121 Tr.
505 4054 545 4120 V.
571 4054 619 4136 14,
642 4054 684 4120 43
706 4074 768 4120 nec
794 4055 987 4120 credideris.

307 4160 451 4242 denique
466 4177 536 4222 oum
553 4156 773 4242 conjunctivo,
798 4157 853 4240 qui
872 4156 1072 4240 optativus
1095 4153 1293 4240 appellatur,
1314 4161 1350 4220 ut

222 4281 251 4327 e.
271 4261 309 4327 P.
332 4260 359 4325 1.
380 4259 410 4341 2,
432 4259 493 4326 106
514 4279 576 4326 neo
597 4259 719 4325 adimat
734 4258 764 4340 2,
786 4258 847 4324 108
860 4277 922 4324 nee
936 4263 1126 4342 premantur
1148 4259 1204 4340 Tr,
1219 4258 1246 4322 l.
1263 4257 1291 4340 1,
1307 4257 1349 4324 50

221 4381 284 4431 nec
304 4362 366 4428 tibi
388 4362 432 4428 sit
444 4362 562 4447 pudor.
578 4381 607 4429 e.
622 4360 661 4428 P.
674 4360 701 4428 I.
715 4360 746 4445 5,
762 4359 804 4427 28
825 4367 923 4446 atque
946 4361 1070 4428 utinam
1091 4381 1156 4428 non
1171 4361 1346 4428 nocuisset
